@article{boll1979spectralSubtraction,
	title={Suppression of acoustic noise in speech using spectral subtraction},
	author={Boll, Steven},
	journal={IEEE Transactions on acoustics, speech, and signal processing},
	volume={27},
	number={2},
	pages={113--120},
	year={1979},
	publisher={IEEE}
}

@inproceedings{chen1998BIC,
	title={Speaker, environment and channel change detection and clustering via the bayesian information criterion},
	author={Chen, Scott and Gopalakrishnan, Ponani},
	booktitle={Proc. DARPA Broadcast News Transcription and Understanding Workshop},
	volume={8},
	pages={127--132},
	year={1998},
	organization={Virginia, USA}
}

@inproceedings{hasan2013duration,
	title={Duration mismatch compensation for i-vector based speaker recognition systems},
	author={Hasan, Taufiq and Saeidi, Rahim and Hansen, John HL and van Leeuwen, David A},
	booktitle={2013 IEEE International Conference on Acoustics, Speech and Signal Processing},
	pages={7663--7667},
	year={2013},
	organization={IEEE}
}

@inproceedings{sell_garcia_2015diarization,
	title={Diarization resegmentation in the factor analysis subspace},
	author={Sell, Gregory and Garcia-Romero, Daniel},
	booktitle={2015 IEEE International Conference on Acoustics, Speech and Signal Processing (ICASSP)},
	pages={4794--4798},
	year={2015},
	organization={IEEE}
}

@article{anguera2012diarization,
	title={Speaker diarization: A review of recent research},
	author={Anguera, Xavier and Bozonnet, Simon and Evans, Nicholas and Fredouille, Corinne and Friedland, Gerald and Vinyals, Oriol},
	journal={IEEE Transactions on Audio, Speech, and Language Processing},
	volume={20},
	number={2},
	pages={356--370},
	year={2012},
	publisher={IEEE}
}

@inproceedings{meignier2010lium,
	title={LIUM SpkDiarization: an open source toolkit for diarization},
	author={Meignier, Sylvain and Merlin, Teva},
	booktitle={CMU SPUD Workshop},
	volume={2010},
	year={2010}
}

@inproceedings{bredin2013ILP,
	title={Integer linear programming for speaker diarization and cross-modal identification in tv broadcast},
	author={Bredin, Herv{\'e} and Poignant, Johann},
	booktitle={the 14rd Annual Conference of the International Speech Communication Association, INTERSPEECH},
	year={2013}
}

@inproceedings{kaldi,
	title={The Kaldi speech recognition toolkit},
	author={Povey, Daniel and Ghoshal, Arnab and Boulianne, Gilles and Burget, Lukas and Glembek, Ondrej and Goel, Nagendra and Hannemann, Mirko and Motlicek, Petr and Qian, Yanmin and Schwarz, Petr and others},
	booktitle={IEEE 2011 workshop on automatic speech recognition and understanding},
	number={EPFL-CONF-192584},
	year={2011},
	organization={IEEE Signal Processing Society}
}

@article{smolenski2011usable,
	title={Usable speech processing: A filterless approach in the presence of interference},
	author={Smolenski, Brett Y and Ramachandran, Ravi P},
	journal={IEEE Circuits and Systems Magazine},
	volume={11},
	number={2},
	pages={8--22},
	year={2011},
	publisher={IEEE}
}

@article{hansen2015SIDmagazine,
	title={Speaker recognition by machines and humans: a tutorial review},
	author={Hansen, John HL and Hasan, Taufiq},
	journal={IEEE Signal Processing Magazine},
	volume={32},
	number={6},
	pages={74--99},
	year={2015},
	publisher={IEEE}
}

@inproceedings{saeidi2010signal,
	title={Signal-to-signal ratio independent speaker identification for co-channel speech signals},
	author={Saeidi, Rahim and Mowlaee, Pejman and Kinnunen, Tomi and Tan, Zheng-Hua and Christensen, Mads Graesboll and Jensen, Soren Holdt and Franti, Pasi},
	booktitle={Pattern Recognition (ICPR), 2010 20th International Conference on},
	pages={4565--4568},
	year={2010},
	organization={IEEE}
}

@inproceedings{mowlaee2010joint,
	title={Joint single-channel speech separation and speaker identification},
	author={Mowlaee, Pejman and Saeidi, Rahim and Tan, Z-H and Christensen, Mads Gr{\ae}sb{\o}ll and Fr{\"a}nti, Pasi and Jensen, S{\o}ren Holdt},
	booktitle={2010 IEEE International Conference on Acoustics, Speech and Signal Processing},
	pages={4430--4433},
	year={2010},
	organization={IEEE}
}

@article{zhao2015cochannel,
	title={Cochannel speaker identification in anechoic and reverberant conditions},
	author={Zhao, Xiaojia and Wang, Yuxuan and Wang, DeLiang},
	journal={IEEE/ACM Transactions on Audio, Speech, and Language Processing},
	volume={23},
	number={11},
	pages={1727--1736},
	year={2015},
	publisher={IEEE}
}

@article{navid_pyknogram_jp,
	title={Teager-Kaiser Energy Operators for Overlapped Speech Detection},
	author={Shokouhi, Navid and Hansen, John H.L.},
	journal={submitted},
	year={2016},
}


@inproceedings{sadjadi_heck_icassp14,
	author    = {Seyed Omid Sadjadi and
	Larry P. Heck},
	title     = {Speaker verification based processing for robust {ASR} in co-channel
	speech scenarios},
	booktitle = {{IEEE} International Conference on Acoustics, Speech and Signal Processing,
	{ICASSP} 2014, Florence, Italy, May 4-9, 2014},
	pages     = {1774--1778},
	year      = {2014},
	crossref  = {DBLP:conf/icassp/2014},
	url       = {http://dx.doi.org/10.1109/ICASSP.2014.6853903},
	doi       = {10.1109/ICASSP.2014.6853903},
	timestamp = {Tue, 29 Jul 2014 12:38:26 +0200},
	biburl    = {http://dblp2.uni-trier.de/rec/bib/conf/icassp/SadjadiH14},
	bibsource = {dblp computer science bibliography, http://dblp.org}
}


@article{panahi2009blind,
	title={Blind identification of multi-channel systems with single input and unknown orders},
	author={Panahi, Issa MS and Venkat, Kripasagar},
	journal={Signal Processing},
	volume={89},
	number={7},
	pages={1288--1310},
	year={2009},
	publisher={Elsevier}
}

@inproceedings{xiao2011overlapped,
	title={Overlapped speech detection using long-term spectro-temporal similarity in stereo recording},
	author={Xiao, Bo and Ghosh, Prasanta Kumar and Georgiou, Panayiotis and Narayanan, Shrikanth S},
	booktitle={2011 IEEE International Conference on Acoustics, Speech and Signal Processing (ICASSP)},
	pages={5216--5219},
	year={2011},
	organization={IEEE}
}

@techreport{yantorno_report,
title	=	{CoChannel Speech Study},
author	=	{Yantorno, R. E.},
year	=	{September 1999},
institution=	{Electrical and Computer Engineering Department Temple University}
}
@INPROCEEDINGS{yantorno_SID,
AUTHOR	= 	{Yantorno, R. E. and Benincasa, D. S. and Wenndt, S. J.},
TITLE	=	{Effects of co-channel speech on speaker identification},
booktitle = 	{SPIE Intl. Symp. on Tech. for Law Enforcement},
month	=	{November},
year 	= 	{2000}
}

@INPROCEEDINGS{Boakye_icassp_08,
title	=	{Overlapped speech detection for improved diarization in multiparty meetings},
author	=	{Boakye, K. and Trueba-Hornero, B. and Vinyals, O. and Friedland, G.},
booktitle =	{Proc. IEEE ICASSP-2008: Inter. Conf. Acoustics, Speech, and Signal Processing},
year	=	{2008},
pages	=	{4353-4356},
address =	{Las Vegas, NV}
}

@INPROCEEDINGS{Boakye_is_08,
title	=	{Two's a Crowd: Improving Speaker Diarication by Automatically Identifying and Excluding Overlapped Speech},
author	=	{Boakye, K. and and Vinyals, O. and Friedland, G.},
booktitle =	{Proc. INTERSPEECH},
year	=	{2008},
pages	=	{32-35},
address =	{Brisbane, Australia}
}


@INPROCEEDINGS{nav_icassp13,
title	=	{Overlapped-speech Detection with Applications to Driver Assessment for In-Vehicle Active Safety Systems},
author	=	{Shokouhi, N. and Sathyanarayana, A. and Sadjadi, S.O. and Hansen, J. H. L.},
booktitle =	{Proc. IEEE ICASSP-2013: Inter. Conf. Acoustics, Speech, and Signal Processing},
year	=	{2013},
month	=	{May},
address =	{Vancouver, BC}
}

@inproceedings{pongtep2007utdrive,
	title={UTDrive: driver behavior and speech interactive systems for in-vehicle environments},
	author={Angkititrakul, Pongtep and Petracca, Matteo and Sathyanarayana, Amardeep and Hansen, John HL},
	booktitle={2007 IEEE Intelligent Vehicles Symposium},
	pages={566--569},
	year={2007},
	organization={IEEE}
}

@inproceedings{sathyanarayana2013belt,
	title={Belt Up: Investigating the impact of in-vehicular conversation on driving performance},
	author={Sathyanarayana, Amardeep and Shokouhi, Navid and Sadjadi, Seyed Omid and Hansen, John HL},
	booktitle={Intelligent Vehicles Symposium (IV), 2013 IEEE},
	pages={1071--1076},
	year={2013},
	organization={IEEE}
}

@INPROCEEDINGS{nav_icassp15,
title	=	{Robust Overlapped Speech Detection and its Application in Word-Count Estimation for Prof-Life-Log Data},
author	=	{Shokouhi, N. and Ziaei, A. and Sangwan, A. and Hansen, J. H. L.},
booktitle =	{Proc. IEEE ICASSP-2015: Inter. Conf. Acoustics, Speech, and Signal Processing},
year	=	{2015},
month	=	{April},
address =	{Brisbane, Australia}
}

@ARTICLE{zelenak12Trans, 
author={Zelenak, M. and Segura, C. and Luque, J. and Hernando, J.}, 
journal={Audio, Speech, and Language Processing, IEEE Transactions on}, 
title={Simultaneous Speech Detection With Spatial Features for Speaker Diarization}, 
year={2012}, 
month={Feb}, 
volume={20}, 
number={2}, 
pages={436-446}, 
ISSN={1558-7916},}

@ARTICLE{cooke20101,
title = {Monaural speech separation and recognition challenge},
journal = {Computer Speech and Language},
volume = {24},
number = {1},
pages = {1 - 15},
year = {2010},
issn = {0885-2308},
author = {Martin Cooke and John R. Hershey and Steven J. Rennie}
}

@INPROCEEDINGS{limsi_icassp13,
title	=	{Impact of Overlapping Speech Detectiuon on Speaker Diarization for Broadcast News and Debates},
author	=	{Charlet, D. and Barras, C.},
booktitle =	{Proc. IEEE ICASSP-2013: Inter. Conf. Acoustics, Speech, and Signal Processing},
year	=	{2013},
month	=	{May},
address =	{Vancouver, BC}
}

@INPROCEEDINGS{idiap_icassp13,
title	=	{Improved Overlap Speech Diarization of Meeting Recordings using Long-term Conversational Features},
author	=	{Yella, S. H. and Bourlard, H.},
booktitle =	{Proc. IEEE ICASSP-2013: Inter. Conf. Acoustics, Speech, and Signal Processing},
year	=	{2013},
month	=	{May},
address =	{Vancouver, BC}
}


@INPROCEEDINGS{sapvr_2000,
title 	=	{Spectral Autocorrelation Ratio as a usability measure of speech segments under co-channel conditions},
author	=	{Krishnamachari, K. and Yantorno, R. E. and Benincasa, D. S. and Wenndt, S. J.},
booktitle =	{IEEE Intl. Symp. on Intelligent Signal Processing and Communication Systems, ISPACS},
month	=	{November},
year	=	{2000},
pages 	= 	{710-713},
}

@ARTICLE{Morgan_cch,
author	=	{Morgan, D. P. and George, E. B. and Lee, L. T. and Kay, S. M.},
journal	=	{IEEE Trans. on Speech and Audio Process.},
title	=	{Co-channel speaker separation by harmonic enhancement and suppression},
month 	= 	{September},
volume 	= 	{5},
number	= 	{5},
pages	= 	{407-424},
year	=	{1997},
}

@article{cooke_JASA_SSCD,
  author = {Cooke, Martin and Barker, Jon and Cunningham, Stuart and Shao, Xu},
  journal = {The Journal of the Acoustical Society of America},
  month = {November},
  number = 5,
  pages = {2421-2424},
  publisher = {ASA},
  timestamp = {2009-03-31T19:00:29.000+0200},
  title = {An audio-visual corpus for speech perception and automatic speech recognition},
  volume = 120,
  year = 2006
}


@INPROCEEDINGS{appc2001,
author = {Lovekin, J. and Krishnamachari, K. R. and Yantorno, R. E. and Benincasa, D. S. and Wenndt, S. J.},
title = {Adjacent Pitch Period Comparison (APPC) as a Usability Measure of Speech Segments Under Co-channel Conditions},
journal = {ISPACS},
month = {April}, 
year = {2001},
}

@INPROCEEDINGS{Rossignol_spectralflux,
author = {Rossignol, S. and Pietquin, O.},
title = {Single-speaker/Multi-speaker Co-channel Speech Classification},
booktitle = {INTERSPEECH},
year = 		{2010},
pages=		{2322-2325}	
}

@INPROCEEDINGS{Dwang_03,
title 	=	{Co-channel speaker identification using usable speech extraction based on multi-pitch tracking},
author	=	{Shao, Y. and Wang, D. L.},
booktitle =	{Proc. IEEE ICASSP-2003: Inter. Conf. Acoustics, Speech, and Signal Processing},
address =	{Hong Kong},
year	=	{2003},
pages 	= 	{205-208},
}

@ARTICLE{Dwang_03_trans,
author	=	{Wu, M. and Wang, D. L. and Brown, G. J.},
journal	=	{IEEE Trans. on Speech and Audio Process.},
title	=	{A Multi-pitch Tracking Algorithm for Noisy Speech},
month 	= 	{May},
volume 	= 	{11},
pages	= 	{229-241},
year	=	{2003},
}

@ARTICLE{Dwang_13_trans,
author	=	{Hu, K. and Wang, D. L.},
journal	=	{IEEE Trans. on Speech and Audio Process.},
title	=	{An Unsupervised Approach to Cochannel Speech Separation},
month 	= 	{January},
volume 	= 	{21},
pages	= 	{120-129},
year	=	{2013},
}

@phdthesis{boakye_thesis,
title	=	{Audio Segmentation for Meeting Speech Processing},
author	=	{Boakye, K.},
year	=	{Fall 2008},
institution=	{University of California, Berkeley}
}


@ARTICLE{morgan_cochannel, 
	author={D. P. Morgan and E. B. George and L. T. Lee and S. M. Kay}, 
	journal={IEEE Transactions on Speech and Audio Processing}, 
	title={Cochannel speaker separation by harmonic enhancement and suppression}, 
	year={1997}, 
	volume={5}, 
	number={5}, 
	pages={407-424}, 
	ISSN={1063-6676}, 
	month={Sep}}


@ARTICLE{maragos_kaiser_quatieri, 
author={Maragos, P. and Kaiser, J.F. and Quatieri, T.F.}, 
journal={Signal Processing, IEEE Transactions on}, 
title={Energy separation in signal modulations with application to speech analysis}, 
year={1993}, 
month={Oct}, 
volume={41}, 
number={10}, 
pages={3024-3051}}

@INPROCEEDINGS{kaiser_teopaper, 
author={Kaiser, J.F.}, 
booktitle={Proc. IEEE ICASSP-90: Inter. Conf. Acoustics, Speech, and Signal Processing}, 
title={On a simple algorithm to calculate the `energy' of a signal}, 
year={1990}, 
month={Apr}, 
pages={381-384 vol.1}}

@INPROCEEDINGS{maragos_instantaneousenergy,
    author = {Petros Maragos and Alexandros Potamianos and Ros Potamianos and Balasubramaniam Santhanam and Gamma Xx},
    title = {Instantaneous Energy Operators: Applications To Speech Processing And Communications},
    booktitle = {IEEE Workshop on Nonlinear Signal and Image Proc.},
    address = {Thessaloniki, Greece},
    year = {1995}
}

@INPROCEEDINGS{NISTSRE,
author =  {{NIST}},
TITLE   =       {The biennial {NIST} speaker recognition evaluation plans},
YEAR    =       {1997-2012},
URL     =       "http://www.nist.gov"
}

@article{Litvin2010,
title = "Monaural speech/music source separation using discrete energy separation algorithm ",
journal = "Signal Processing ",
volume = "90",
number = "12",
pages = "3147 - 3163",
year = "2010",
note = "",
issn = "0165-1684",
author = "Yevgeni Litvin and Israel Cohen and Dan Chazan"}

@INPROCEEDINGS{Linicassp95, 
author={Wei Lin and Hamilton, C. and Chitrapu, P.}, 
booktitle={Proc. IEEE ICASSP-95: Inter. Conf. Acoustics, Speech, and Signal Processing}, 
title={A generalization to the Teager-Kaiser energy function and application to resolving two closely-spaced tones}, 
year={1995}, 
month={May}, 
volume={3}, 
pages={1637-1640 vol.3}}


@ARTICLE{hu12_nullspacepersuit,
author	=	{Hu, X. and Peng, S. and Hwang, W.-L.},
journal	=	{Signal, Image and Video Processing},
title	=	{Multicomponent {AM-FM} signal separation and demodulation with null space pursuit},
pages	= 	{1-10},
year	=	{2012}}

@ARTICLE{santhanam_maragos_2000, 
author={Santhanam, B. and Maragos, P.}, 
journal={Communications, IEEE Transactions on}, 
title={Multicomponent {AM-FM} demodulation via periodicity-based algebraic separation and energy-based demodulation}, 
year={2000}, 
month={Mar}, 
volume={48}, 
number={3}, 
pages={473-490}
}

@article{schegloff2000overlapping,
	title={Overlapping talk and the organization of turn-taking for conversation},
	author={Schegloff, Emanuel A},
	journal={Language in society},
	volume={29},
	number={01},
	pages={1--63},
	year={2000},
	publisher={Cambridge Univ Press}
}

@ARTICLE{Wrigley_05,
author	=	{Wrigley, S. N. and Brown, G. J. and Vincent, W. and Renals, S.},
journal	=	{IEEE Trans. Audio Speech Lang. Process.},
title	=	{Speech and Crosstalk Detection in Multichannel Audio},
month 	= 	{January},
volume 	= 	{13},
number	= 	{1},
pages	= 	{84-91},
year	=	{2005},
}

@INPROCEEDINGS{giuliani_meeting,
AUTHOR = "Manuel Giuliani and Tin Lay Nwe and Haizhou Li",
TITLE = "Meeting Segmentation Using Two-Layer Cascaded Subband Filters",
BOOKTITLE = "ISCSLP'06",
PAGES = {672-682},
YEAR = {2006}, 
}

@INPROCEEDINGS{temple_kurtosis,
title	=	{Use of Local Kurtosis Measure for Spotting Usable Speech Segments in Co-Channel Speech},
author	=	{Krishnamachari, K. and Yantorno, R. E. and Lovekin, J. M. and Benincasa, D. S. and Wenndt, S. J.},
booktitle =	{Proc. IEEE ICASSP-2001: Int. Conf. Acoustics, Speech, and Signal Processing},
year	=	{2001},
pages	=	{649-652},
address =	{Salt Lake City, Utah}
}

@CONFERENCE{kawahara_aperiodicity,
author 		= {Kawahara, H. and Estill, J. and Fujimura, O.},
title 		= {Aperiodicity extraction and control using mixed mode excitation and group delay manipulation for a high quality speech analysis, modification and synthesis system {STRAIGHT}},
booktitle 	= {In Proc. MAVEBA},
year 		= {2001},
address		= {Firentze, Italy},
date		= {Sept. 13-15}
}


@INPROCEEDINGS{Shriberg01observationson,
    author = {Elizabeth Shriberg and Andreass Stolcke and Don Baron},
    title = {Observations on Overlap: Findings and Implications for Automatic Processing of Multi-Party Conversation},
    booktitle = {in Proceedings of Eurospeech},
    year = {2001},
    pages = {1359--1362}
}

@INPROCEEDINGS{cetin_shriberg_06_icassp, 
author={Cetin, O. and Shriberg, E.E.}, 
booktitle={Proc. IEEE ICASSP-2006: Int. Conf. Acoustics, Speech, and Signal Processing}, 
title={Speaker Overlaps and ASR Errors in Meetings: Effects Before, During, and After the Overlap}, 
year={2006}, 
month={May},
address = {Toulouse, France}, 
pages={357-360}}


@CONFERENCE{benharush,
author 		= {Ben-Harush, O. and Lapidot, I. and Guterman, H.},
title 		= {Entropy Based Overlapped Speech Detection as a Pre-Processing Stage for Speaker Diarization},
booktitle 	= {Proc. INTERSPEECH},
year 		= {2009},
address		= {Brighton, UK},
pages		= {916-919}
}

@INPROCEEDINGS{potamianos_maragos_icassp95, 
author={Potamianos, A. and Maragos, P.}, 
booktitle={Proc. IEEE ICASSP-95: Int. Conf. Acoustics, Speech, and Signal Processing}, 
title={Speech formant frequency and bandwidth tracking using multiband energy demodulation}, 
year={1995}, 
month={May}, 
volume={1}, 
pages={784-787 vol.1}}

@ARTICLE{potamianos_maragos_jasa96,
author	=	{Potamianos, A. and Maragos, P.},
title	=	{Speech formant frequency and bandwidth tracking using multiband energy demodulation},
journal	=	{J. Acoust. Soc. Amer.},
year	=	{1996},
month	=	{June},
volume	=	{99},
number	=	{6},
pages	=	{3795-3806},
}

@INPROCEEDINGS{kurtosis_98,
title	=	{Speech separation by kurtosis maximization},
author	=	{LeBlanc, J. and de Leon, P.},
booktitle =	{Proc. IEEE ICASSP-98: Int. Conf. Acoustics, Speech, and Signal Processing},
year	=	{1998},
pages	=	{1029-1032},
address =	{Seatle, Washington}
}

@INBOOK{carlson_comm,
author 	= 	{Carlson, A. B.},
publisher = 	{McGraw-Hill},
address	= 	{New York},
title 	= 	{Communication Systems},
pages 	=	{230-268},
edition	=	{3rd}
}

@INPROCEEDINGS{leblanc_deleon98, 
author={LeBlanc, J.P. and De Leon, P.L.}, 
booktitle={Proc. IEEE ICASSP-98: Int. Conf. Acoustics, Speech, and Signal Processing}, 
title={Speech separation by kurtosis maximization}, 
year={1998}, 
month={May}, 
volume={2}, 
pages={1029-1032 vol.2}}

@ARTICLE{qual_sid_13, 
author={Mandasari, M.I. and Saeidi, R. and McLaren, M. and van Leeuwen, D.A.}, 
journal={Audio, Speech, and Language Processing, IEEE Transactions on}, 
title={Quality Measure Functions for Calibration of Speaker Recognition Systems in Various Duration Conditions}, 
year={2013}, 
month={Nov}, 
volume={21}, 
number={11}, 
pages={2425-2438}}

@article{GarciaRomeroQualityMeasures,
title = "Using quality measures for multilevel speaker recognition ",
journal = "Computer Speech and Language ",
volume = "20",
number = "2–3",
pages = "192 - 209",
year = "2006",
note = "Odyssey 2004: The speaker and Language Recognition WorkshopOdyssey-04Odyssey 2004: The speaker and Language Recognition Workshop ",
issn = "0885-2308",
doi = "http://dx.doi.org/10.1016/j.csl.2005.08.004",
url = "http://www.sciencedirect.com/science/article/pii/S0885230805000537",
author = "Garcia-Romero, D. and Fierrez-Aguilar, J. and Gonzalez-Rodriguez, J. and Ortega-Garcia, J."
}

@ARTICLE{Quat_Dan_cch_sup,
title	=	{An Approach to Co-Channel Talker Interference Suppression Using a Sinusoidal Model for Speech},
author	=	{Quatieri, T. and Danisewicz, R.},
journal	=	{IEEE Trans. Acoustics Speech and Signal Process.},
year	=	{1990},
month	=	{January},
volume	=	{3X},
number	=	{I},
pages	=	{56-69},
}

@ARTICLE{ietqstack,
title	=	{Improving Biometric Verification with Class-Independent Quality Information},
author	=	{Kryszczuk, K. and Drygajlo, A.},
journal	=	{IET Signal Process., IEEE},
year	=	{2009},
volume	=	{3},
pages	=	{310-321}
}

@ARTICLE{kelly2013,
title = "Speaker verification in score-ageing-quality classification space ",
journal = "Computer Speech and Language ",
volume = "27",
number = "5",
pages = "1068 - 1084",
year = "2013",
author = "Finnian Kelly and Andrzej Drygajlo and Naomi Harte"
}


@inproceedings{shokouhi2015,
	title={Probabilistic Linear Discriminant Analysis for Robust Speaker Identification in Co-Channel Speech},
	author={Shokouhi, Navid and Hansen, John HL},
	booktitle={Sixteenth Annual Conference of the International Speech Communication Association},
	year={2015}
}


@INPROCEEDINGS{CRSSSRE12, 
author={Hasan, T. and Sadjadi, S.O. and Gang Liu and Shokouhi, N. and Boril, H. and Hansen, J.H.L.}, 
booktitle={Proc. IEEE ICASSP-2013: Int. Conf. Acoustics, Speech, and Signal Processing}, 
title={{CRSS} systems for 2012 NIST Speaker Recognition Evaluation}, 
year={2013}, 
month={May}, 
pages={6783-6787}}


@ARTICLE{Hu_Wang_Trans_2004,
author	=	{Hu, G. and Wang, D. L.},
journal	=	{IEEE Trans. Neural Netw.},
title	=	{Monaural Speech Segregation based on Pitch Traching and Amplitude Modulation},
month 	= 	{Sept.},
volume 	= 	{15},
pages	= 	{1135-1150},
year	=	{2004},
}

@INBOOK{svm_book,
author 	= 	{Friedman, J. and Hastie, T. and Tibshirani, R.},
publisher = 	{Springer},
title 	= 	{The Elements of Statistical Learning},
pages 	=	{417-455},
year	=	{2001},
edition	=	{2}
}

@Article{lib_linear,
author 	= 	 {Rong-En Fan and Kai-Wei Chang and Cho-Jui Hsieh and Xiang-Rui Wang and Chih-Jen Lin},
title 	= 	 {{LIBLINEAR}: A library for large linear classification},
journal = 	 {J. Machine Learn. Res.},
year 	= 	 {2008},
volume 	=	 {9},
pages 	=	 {1871--1874}
}

@Article{lib_svm,
author 	= 	 {Chih-Chung Chang and Chih-Jen Lin},
title	= 	 {{LIBSVM}: A library for support vector machines},
journal = 	 {ACM Trans. Intell. Syst. Technol.},
year 	= 	 {2011},
volume 	=	 {2},
pages 	=	 {27:1--27:27}
}

@article{bosaris,
	title={The bosaris toolkit: Theory, algorithms and code for surviving the new dcf},
	author={Br{\"u}mmer, Niko and de Villiers, Edward},
	journal={arXiv preprint arXiv:1304.2865},
	year={2013}
}


@Article {msridentity,
author       = {Sadjadi, S.O. and Slaney, M. and Heck, L. },
journal      = {Speech and Language Processing Technical Committee Newsletter},
month        = {November},
publisher    = {IEEE},
title        = {{MSR} Identity Toolbox v1.0: A MATLAB Toolbox for Speaker-Recognition Research},
url          = {http://research.microsoft.com/apps/pubs/default.aspx?id=205119},
year         = {2013},
}

@electronic{SSC_link,
author	      = {Cooke, M. and Lee, T.},
title         = {Speech separation challenge},
url           = "http://staffwww.dcs.shef.ac.uk/people/M.Cooke/SpeechSeparationChallenge",
key           = "speech separation challenge data"
}


@electronic{sw2,
title         = "Linguistic {D}ata {C}onsortium ({LDC}) catalog number: {LDC}99{S}79",
url           = "http://www.ldc.upenn.edu/Catalog/",
year          = "",
key           = "LDC"
}

@INPROCEEDINGS{shriberg_01,
title	=	{Observations on Overlap: Findings and Implications for Automatic Processing of Multi-Party Conversations},
author	=	{Shriberg, E. and Stolcke, A. and Baron, D.},
booktitle = 	{Proc. EUROSPEECH},
year	=	{2001},
address = 	{Aalborg, Denmark},
pages   =       {1359-1362}
}
@INPROCEEDINGS{shriberg_05,
title	=	{Spontaneous Speech: How People Really Talk and Why Engineers Should Care},
author	=	{Shriberg, E.},
booktitle = 	{Proc. EUROSPEECH},
year	=	{2005},
address = 	{Lisboa, Portugal},
pages   =       {1781-1784}
}

@ARTICLE{smolenski_tut,
author={Smolenski, B.Y. and Ramachandran, R.P.},
journal={Circuits and Systems Magazine, IEEE}, title={Usable Speech Processing: A Filterless Approach in the Presence of Interference},
year={2011},
volume={11},
number={2},
pages={8 -22}
}

@INPROCEEDINGS{cohenlee90, 
author={Cohen, L. and Lee, C.}, 
booktitle={Proc. IEEE ICASSP-90: Int. Conf. Acoustics, Speech, and Signal Processing}, 
title={Instantaneous bandwidth for signals and spectrogram}, 
year={1990}, 
month={Apr}, 
pages={2451-2454 vol.5}}

@ARTICLE{omid2012sad, 
author={Sadjadi, S. O. and Hansen, J. H. L.}, 
journal={IEEE Signal Process. Lett.}, 
title={Unsupervised Speech Activity Detection Using Voicing Measures and Perceptual Spectral Flux}, 
year={March}, 
volume={20},  
pages={197-200}, 
}


@ARTICLE{omid2012sad_old,
title={Unsupervised {S}peech {A}ctivity {D}etection using {V}oicing {M}easures and {P}erceptual {S}pectral {F}lux},
author={Seyed Omid Sadjadi and John H. L. Hansen},
journal={IEEE Signal Process. Lett.},
year={2012},
month={Dec.},
}





@INPROCEEDINGS{Chazan_93,
title 	=	{Optimal Multipitch Estimation Using The EM Algorithm for Co-channel Speech Separation},
author	=	{Chazan, D and Stettiner, Y. and Malah, D.},
booktitle =	{Proc. IEEE ICASSP-93: Int. Conf. Acoustics, Speech, and Signal Processing},
month	=	{April},
year	=	{1993},
pages 	= 	{728-731},
}
@ARTICLE{tipping1999mixtures,
title	=	{Mixtures of probabilistic principal component analyzers},
author	=	{Tipping, M.E. and Bishop, C.M.},
journal	=	{Neural computation},
volume	=	{11},
number	=	{2},
pages	=	{443--482},
year	=	{1999},
publisher=	{MIT Press}
}


@ARTICLE{Kinnunen2012, 
author	=	{Hanilci, C. and Kinnunen, T. and Ertas, F. and Saeidi, R. and Pohjalainen, J. and Alku, P.}, 
journal	=	{IEEE Signal Process. Lett.}, 
title	=	{Regularized All-Pole Models for Speaker Verification Under Noisy Environments}, 
year	=	{2012}, 
month	=	{Mar.}, 
volume	=	{19}, 
pages	=	{163-166}, 
}

@INPROCEEDINGS{Kinnunen2011asru,
title 	=	{Multi-Taper {MFCC} Features for Speaker Verification Using I-Vectors},
author	=	{Alam, J. and Kinnunen, T. and Kenny, P. and Ouellet, P. and O Shaughnessy, D.},
booktitle =	{Proc. IEEE ASRU},
address =	{Hawaii, HI},
month	=	{Dec.},
year	=	{2011},
pages 	= 	{547-552},
}

@INPROCEEDINGS{Daniel2011asru,
title 	=	{Linear versus Mel Frequency Cepstral Coefficients for Speaker Recognition},
author	=	{Xinhui Zhou and Daniel Garcia-Romero and Ramani Duraiswami and Carol Espy-Wilson and Shihab Shamma},
booktitle =	{Proc. IEEE ASRU},
address =	{Hawaii, HI},
month	=	{Dec.},
year	=	{2011},
pages 	= 	{559-564},
}

@inproceedings{amicorpus,
	author = {Carletta, Jean and Ashby, Simone and Bourban, Sebastien and Flynn, Mike and Guillemot, Mael and Hain, Thomas and Kadlec, Jaroslav and Karaiskos, Vasilis and Kraaij, Wessel and Kronenthal, Melissa and Lathoud, Guillaume and Lincoln, Mike and Lisowska, Agnes and McCowan, Iain and Post, Wilfried and Reidsma, Dennis and Wellner, Pierre},
	title = {The AMI Meeting Corpus: A Pre-announcement},
	booktitle = {Proceedings of the Second International Conference on Machine Learning for Multimodal Interaction},
	series = {MLMI'05},
	year = {2006},
	isbn = {3-540-32549-2, 978-3-540-32549-9},
	location = {Edinburgh, UK},
	pages = {28--39},
	numpages = {12},
	doi = {10.1007/11677482_3},
	acmid = {2096425},
	publisher = {Springer-Verlag},
	address = {Berlin, Heidelberg}
} 


@INPROCEEDINGS{Daniel2011is,
title 	=	{Analysis of I-vector Length Normalization in Speaker Recognition Systems},
author	=	{D. Garcia-Romero and C. Espy-Wilson},
booktitle =	{Proc. INTERSPEECH},
address =	{Florence, Italy},
month	=	{Sept.},
year	=	{2011},
pages 	= 	{249-252},
}

@techreport{cieri2004mixer,
title	=	{The mixer corpus of multilingual, multichannel speaker recognition data},
author	=	{C. Cieri},
year	=	{2004},
institution=	{DTIC Document}
}

@Article{G729B,
  author =       "A.  Benyassine and E. Shlomot and  H.-Y. Su and D. Massaloux and C. Lamblin and J.-P. Petit",
  title =        "{ITU-T} recommendation {G}.729 annex {B}: {A} silence compression scheme for use with {G}.729 optimized for {V}.70 digital simultaneous voice and data applications",
  journal = 	 "IEEE Commun. Mag.",
  year = 	 "1997",
  volume = 	 "35",
  pages = 	 "64-73",
  month = 	 "Sept."
}

@INPROCEEDINGS{ruhi1998,
title	=	{Robust detection of speech activity in the presence of noise},
author	=	{Sarikaya, R. and Hansen, J. H. L.},
booktitle = 	{Proc. ICSLP},
year	=	{1998},
month	=	{Dec.},
address = 	{Sydney, Australia},
pages	=	{1455-1458}
}


@ARTICLE{atal1976,
author	=	{Atal, B. S. and Rabiner, L. R.},
journal	=	{IEEE Trans. Audio Speech Lang. Process.},
title	=	{A pattern recognition approach to voiced-unvoiced-silence classification with applications to speech recognition},
month 	= 	{Jun.},
volume 	= 	{24},
number	= 	{3},
pages	= 	{201-2012},
year	=	{1976},
}

@INPROCEEDINGS{ramirez2006,
title	=	{Noise robust model-based Voice Activity Detection},
author	=	{Angel de la Torre and Javier Ramirez and Carmen Benitez and Jose C. Segura and Luz Garcia Antonio J. Rubio},
booktitle = 	{Proc. INTERSPEECH},
year	=	{2006},
month	=	{Sept.},
address = 	{Pittsburgh, PA},
pages	= 	{1954-1957},
}

@INPROCEEDINGS{davis2006,
title	=	{A MULTI-DECISION SUB-BAND VOICE ACTIVITY DETECTOR},
author	=	{Alan Davis and Sven Nordholm and Siow Yong Low and Roberto Togneri},
booktitle = 	{Proc. EUSIPCO},
year	=	{2006},
month	=	{Sept.},
address = 	{Florence, Italy},
}

@ARTICLE{sohn1999,
author	=	{J. Sohn and N. S. Kim and W. Sung},
journal	=	{IEEE Signal Process. Lett.},
title	=	{A statistical model-based voice activity detection},
month 	= 	{Jan.},
volume 	= 	{6},
number	= 	{1},
pages	= 	{1-3},
year	=	{1999},
}

@ARTICLE{ramirez2005,
author	=	{J. Ramirez and J.C. Segura and C. Benitez and L. Garcia and A. Rubio},
journal	=	{IEEE Signal Process. Lett.},
title	=	{Statistical voice activity detection using a multiple observation likelihood ratio test},
month 	= 	{Oct.},
volume 	= 	{12},
number	= 	{10},
pages	= 	{689-692},
year	=	{2005},
}

@INPROCEEDINGS{lee2010,
AUTHOR	= 	{L. N. Tan and B. J. Borgstrom and A. Alwan},
TITLE	=	{Voice activity detection using harmonic frequency components in likelihood ratio test},
booktitle = 	{Proc. IEEE ICASSP-2010: Int. Conf. Acoustics, Speech, and Signal Processing},
pages 	= 	{4466-4469},
month	=	{Mar.},
year 	= 	{2010},
address =	{Dallas, TX}
}

@INPROCEEDINGS{boersma1993,
title 	=	{Accurate short-term analysis of the fundamental frequency and the harmonics-to-noise ratio of the sampled sound},
author	=	{P. Boersma},
booktitle =	{Proc. Institute of Phonetic Sciences},
volume  =	{17},
year	=	{1993},
pages 	= 	{97-110},
}

@INBOOK{rabiner2010,
author 	= 	{Lawrence R. Rabiner and Ronald W. Schafer},
edition = 	{1},
publisher = 	{Prentice Hall Press},
address	= 	{Upper Saddle River, NJ},
title 	= 	{{Theory and Applications of Digital Speech Processing}},
year 	=	{2010}
}

@INPROCEEDINGS{scheirer1997,
title 	=	{Construction and evaluation of a robust multifeature speech/music discriminator},
author	=	{E. Scheirer and M. Slaney},
booktitle =	{Proc. IEEE ICASSP-97: Int. Conf. Acoustics, Speech, and Signal Processing},
address =	{Munich, Germany},
month	=	{Apr.},
year	=	{1997},
pages 	= 	{1331-1334},
}

@electronic{spine2,
title         = "Linguistic {D}ata {C}onsortium ({LDC}) catalog number: {LDC}2001{S}08",
url           = "http://www.ldc.upenn.edu/Catalog/",
year          = "",
key           = "LDC"
}

@electronic{rats,
title         = "{DARPA} {R}obust {A}utomatic {T}ranscription of {S}peech ({RATS})",
url           = "http://projects.ldc.upenn.edu/RATS/",
year          = "",
key           = "RATS"
}

@INPROCEEDINGS{ng2012,
title 	=	{Developing a Speech Activity Detection System for the {DARPA RATS} Program},
author	=	{Tim Ng and Bing Zhang and Long Nguyen and Spyros Matsoukas and Xinhui Zhou and Nima Mesgarani and Karel Vesely and Pavel Matejka},
booktitle =	{Proc. INTERSPEECH},
address =	{Portland, OR},
month	=	{Sept.},
year	=	{2012},
}

@INPROCEEDINGS{omar2012,
title 	=	{Speech Activity Detection for Noisy Data Using Adaptation Techniques},
author	=	{Mohamed Kamal Omar},
booktitle =	{Proc. INTERSPEECH},
address =	{Portland, OR},
month	=	{Sept.},
year	=	{2012},
}

@INPROCEEDINGS{walker2012,
title 	=	{The {RATS} Radio Traffic Collection System},
author	=	{Kevin Walker and Stefanie Strassel},
booktitle =	{Proc. ISCA Odyssey},
address =	{Singapore, Singapore},
month	=	{Jun.},
year	=	{2012},
}

@ARTICLE{davis2006b,
author  =	{Davis, A. and Nordholm, S. and Togneri, R.},
journal =	{IEEE Trans. Audio Speech Lang. Process.}, 
title   = 	{Statistical voice activity detection using low-variance spectrum estimation and an adaptive threshold},
year    =	{2006},
month   =	{Mar.},
volume  = 	{14},
pages   =       {412-424},
}

@misc{makhorin2008glpk,
	title={GLPK (GNU linear programming kit)},
	author={Makhorin, Andrew},
	year={2008}
}

@article{schwarz1978BIC,
	title={Estimating the dimension of a model},
	author={Schwarz, Gideon and others},
	journal={The annals of statistics},
	volume={6},
	number={2},
	pages={461--464},
	year={1978},
	publisher={Institute of Mathematical Statistics}
}

@inproceedings{cettolo2003efficient,
	title={Efficient audio segmentation algorithms based on the BIC},
	author={Cettolo, Mauro and Vescovi, Michele},
	booktitle={Acoustics, Speech, and Signal Processing, 2003. Proceedings.(ICASSP'03). 2003 IEEE International Conference on},
	volume={6},
	pages={VI--537},
	year={2003},
	organization={IEEE}
}

@inproceedings{zelenak2010albayzin,
	title={Albayzin 2010 evaluation campaign: speaker diarization},
	author={Zelen{\'a}k, Martin and Schulz, Henrik and Hernando Peric{\'a}s, Francisco Javier},
	booktitle={VI Jornadas en Tecnolog{\'\i}a del Habla and II Iberian SLTech Workshop},
	pages={301--304},
	year={2010}
}

@inproceedings{shum2011exploiting,
	title={Exploiting Intra-Conversation Variability for Speaker Diarization.},
	author={Shum, Stephen and Dehak, Najim and Chuangsuwanich, Ekapol and Reynolds, Douglas A and Glass, James R},
	booktitle={INTERSPEECH},
	volume={11},
	pages={945--948},
	year={2011}
}

@article{shum2012spectralclustering,
	title={On the use of spectral and iterative methods for speaker diarization},
	author={Shum, Stephen and Dehak, Najim and Glass, Jim},
	journal={System},
	volume={1},
	number={w2},
	pages={2},
	year={2012}
}

@inproceedings{ning2006spectral,
	title={A spectral clustering approach to speaker diarization.},
	author={Ning, Huazhong and Liu, Ming and Tang, Hao and Huang, Thomas S},
	booktitle={INTERSPEECH},
	year={2006}
}

@inproceedings{rouvier2012ilp,
	title={A global optimization framework for speaker diarization.},
	author={Rouvier, Mickael and Meignier, Sylvain},
	booktitle={Odyssey},
	pages={146--150},
	year={2012}
}

@inproceedings{dupuy2012ivectorsILP,
	title={I-vectors and ILP clustering adapted to cross-show speaker diarization.},
	author={Dupuy, Gr{\'e}gor and Rouvier, Mickael and Meignier, Sylvain and Esteve, Yannick},
	booktitle={INTERSPEECH},
	pages={2174--2177},
	year={2012}
}

@inproceedings{prazak2011PLDAdrz,
	title={Speaker diarization using PLDA-based speaker clustering},
	author={Prazak, Jan and Silovsky, Jan},
	booktitle={Intelligent Data Acquisition and Advanced Computing Systems (IDAACS), 2011 IEEE 6th International Conference on},
	volume={1},
	pages={347--350},
	year={2011},
	organization={IEEE}
}

@inproceedings{silovsky2011PLDAdrz,
	title={PLDA-based clustering for speaker diarization of broadcast streams},
	author={Silovsky, Jan and Prazak, Jan and Cerva, Petr and Zdansky, Jindrich and Nouza, Jan},
	booktitle={Twelfth Annual Conference of the International Speech Communication Association},
	year={2011}
}

@inproceedings{sell2014PLDAdrz,
	title={Speaker diarization with PLDA i-vector scoring and unsupervised calibration},
	author={Sell, Gregory and Garcia-Romero, Daniel},
	booktitle={Spoken Language Technology Workshop (SLT), 2014 IEEE},
	pages={413--417},
	year={2014},
	organization={IEEE}
}

@article{tranterreynolds2006drzoverview,
	title={An overview of automatic speaker diarization systems},
	author={Tranter, Sue E and Reynolds, Douglas A},
	journal={IEEE Transactions on Audio, Speech, and Language Processing},
	volume={14},
	number={5},
	pages={1557--1565},
	year={2006},
	publisher={IEEE}
}

@inproceedings{mueller2010ILP,
	title={Integer linear programming models for constrained clustering},
	author={Mueller, Marianne and Kramer, Stefan},
	booktitle={International Conference on Discovery Science},
	pages={159--173},
	year={2010},
	organization={Springer}
}

@inproceedings{dupuy2014ILPimprovement,
	title={Recent improvements on ilp-based clustering for broadcast news speaker diarization},
	author={Dupuy, Gr{\'e}gor and Meignier, Sylvain and Del{\'e}glise, Paul and Esteve, Yannick},
	booktitle={Proceedings of Odyssey},
	year={2014},
	organization={Citeseer}
}

@inproceedings{mueller2010ilpcc,
	title={Integer linear programming models for constrained clustering},
	author={Mueller, Marianne and Kramer, Stefan},
	booktitle={International Conference on Discovery Science},
	pages={159--173},
	year={2010},
	organization={Springer}
}

@book{anguera2007phd,
	title={Robust speaker diarization for meetings},
	author={Miro, Xavier Anguera},
	year={2007},
	publisher={Universitat Polit{\`e}cnica de Catalunya}
}

@article{anguera2012DRZreview,
	title={Speaker diarization: A review of recent research},
	author={Anguera, Xavier and Bozonnet, Simon and Evans, Nicholas and Fredouille, Corinne and Friedland, Gerald and Vinyals, Oriol},
	journal={IEEE Transactions on Audio, Speech, and Language Processing},
	volume={20},
	number={2},
	pages={356--370},
	year={2012},
	publisher={IEEE}
}

@article{cettolo2005evaluation,
	title={Evaluation of BIC-based algorithms for audio segmentation},
	author={Cettolo, Mauro and Vescovi, Michele and Rizzi, Romeo},
	journal={Computer Speech \& Language},
	volume={19},
	number={2},
	pages={147--170},
	year={2005},
	publisher={Elsevier}
}

@article{ramirez2004,
title 	= 	"Efficient voice activity detection algorithms using long-term speech information",
journal = 	"Speech Commun.",
volume 	= 	"42",
pages 	= 	"271-287",
year 	= 	"2004",
author 	= 	"Javier Ramirez and Jose C Segura and Carmen Benitez and Angel de la Torre and Antonio Rubio",
month   =	{Apr.},
}

@INPROCEEDINGS{kingsbury2002,
title 	=	{Robust speech recognition in noisy environments: The 2001 {IBM SPINE} evaluation system},
author	=	{B. Kingsbury and G. Saon and L. Mangu and M. Padmanabhan and R. Sarikaya},
booktitle =	{Proc. IEEE ICASSP-2002: Int. Conf. Acoustics, Speech, and Signal Processing},
address =	{Orlando, FL},
month	=	{May},
year	=	{2002},
pages 	= 	{53-56},
}

@INPROCEEDINGS{schwarz2006,
author 	={Schwarz, P. and Matejka, P. and Cernocky, J.},
booktitle ={Proc. IEEE ICASSP-2006: Int. Conf. Acoustics, Speech, and Signal Processing}, 
title 	={Hierarchical Structures of Neural Networks for Phoneme Recognition},
year 	={2006},
month 	={May},
pages 	={I},
}

@INPROCEEDINGS{huggins2010,
title 	=	{Adaptive high accuracy approaches to speech activity detection in noisy and hostile audio environments},
author	=	{Mark C. Huggins and Brett Y. Smolenski and Aaron D. Lawson},
booktitle =	{Proc. INTERSPEECH},
address =	{Makuhari, Japan},
month	=	{Sept.},
year	=	{2010},
pages 	= 	{3094-3097},
}

@INPROCEEDINGS{omid_is2012,
title 	=	{Mean {H}ilbert Envelope Coefficients ({MHEC}) for Robust Speaker Recognition},
author	=	{Sadjadi, S. O. and Hasan, T. and Hansen, J. H. L.},
booktitle =	{Proc. INTERSPEECH},
address =	{Portland, OR},
month	=	{Sept.},
year	=	{2012},
pages 	= 	{},
}

@inproceedings{kenny2010bayesian,
	title={Bayesian Speaker Verification with Heavy-Tailed Priors.},
	author={Kenny, Patrick},
	booktitle={Odyssey},
	pages={14},
	year={2010}
}

@article{dehak2011front,
	title={Front-end factor analysis for speaker verification},
	author={Dehak, Najim and Kenny, Patrick J and Dehak, R{\'e}da and Dumouchel, Pierre and Ouellet, Pierre},
	journal={IEEE Transactions on Audio, Speech, and Language Processing},
	volume={19},
	number={4},
	pages={788--798},
	year={2011},
	publisher={IEEE}
}

@INPROCEEDINGS{matejka2012,
title 	=	{Patrol Team Language Identiﬁcation System for {DARPA RATS P1} Evaluation},
author	=	{Mat\v{e}jka, P. and Plchot, O. and Soufifar, M. and Glembek, O. and D'Haro, L.F. and Vesel{\'y}, K. and Gr{\'e}zl, F. and Ma, J. and Matsoukas, S. and Dehak, N.},
booktitle =	{Proc. INTERSPEECH},
address =	{Portland, OR},
month	=	{Sept.},
year	=	{2012},
}

@electronic{htk,
title         = "{HTK} - {H}idden {M}arkov {M}odel {T}oolkit v3.4.1",
url           = "http://htk.eng.cam.ac.uk/",
year          = "",
key           = "HTK"
}
@INPROCEEDINGS{glembek2014wccLDA, 
	author={O. Glembek and J. Ma and P. Matějka and B. Zhang and O. Plchot and L. Bürget and S. Matsoukas}, 
	booktitle={2014 IEEE International Conference on Acoustics, Speech and Signal Processing (ICASSP)}, 
	title={Domain adaptation via within-class covariance correction in I-vector based speaker recognition systems}, 
	year={2014}, 
	pages={4032-4036}, 
	ISSN={1520-6149}, 
	month={May}
}

@inproceedings{brummer2010twocov,
	title={The speaker partitioning problem.},
	author={Br{\"u}mmer, Niko and De Villiers, Edward},
	booktitle={Odyssey},
	pages={34},
	year={2010}
}

@inproceedings{shokouhi2015probabilistic,
	title={Probabilistic Linear Discriminant Analysis for Robust Speaker Identification in Co-Channel Speech},
	author={Shokouhi, Navid and Hansen, John HL},
	booktitle={Sixteenth Annual Conference of the International Speech Communication Association, INTERSPEECH},
	address={Dresden, Germany},
	year={2015}
}

@inproceedings{ioffePLDA2006,
	title={Probabilistic linear discriminant analysis},
	author={Ioffe, Sergey},
	booktitle={European Conference on Computer Vision},
	pages={531--542},
	year={2006},
	organization={Springer}
}

@inproceedings{sizov2014unifying,
	title={Unifying probabilistic linear discriminant analysis variants in biometric authentication},
	author={Sizov, Aleksandr and Lee, Kong Aik and Kinnunen, Tomi},
	booktitle={Joint IAPR International Workshops on Statistical Techniques in Pattern Recognition (SPR) and Structural and Syntactic Pattern Recognition (SSPR)},
	pages={464--475},
	year={2014},
	organization={Springer}
}

@inproceedings{hasan2013crss,
	title={CRSS systems for 2012 NIST speaker recognition evaluation},
	author={Hasan, Taufiq and Sadjadi, Seyed Omid and Liu, Gang and Shokouhi, Navid and Bo{\v{r}}il, Hynek and Hansen, John HL},
	booktitle={2013 IEEE International Conference on Acoustics, Speech and Signal Processing},
	pages={6783--6787},
	year={2013},
	organization={IEEE}
}

@article{sadjadi2013unsupervised,
	title={Unsupervised speech activity detection using voicing measures and perceptual spectral flux},
	author={Sadjadi, Seyed Omid and Hansen, John HL},
	journal={IEEE Signal Processing Letters},
	volume={20},
	number={3},
	pages={197--200},
	year={2013},
	publisher={IEEE}
}

@inproceedings{misra2014languagemismatch,
	title={Spoken language mismatch in speaker verification: An investigation with NIST-SRE and CRSS Bi-Ling corpora},
	author={Misra, Abhinav and Hansen, John HL},
	booktitle={Spoken Language Technology Workshop (SLT), 2014 IEEE},
	pages={372--377},
	year={2014},
	organization={IEEE}
}

@INBOOK{Hart,
author 	= 	{Hart, B. and Risley, T. R.},
publisher = 	{Brookes Publishing},
title 	= 	{Meaningful differences in the everyday experience of young American children},
year 	=	{1995}
}

@INPROCEEDINGS{Xu,
title	=	{Child vocalization composition as discriminant information for automatic autism detection},
author	=	{Xu, D. and Gilkerson, J. and Richards, J. and Yapanel, U. and Gray, S.},
booktitle = {Engineering in Medicine and Biology Society, EMBC},
year	=	{2009},
month	=	{September},
pages   =   {2518-2522}
}

@ARTICLE{Wang_slbl,
author = {Wang, D. and Narayanan, S.},
title = {Robust speech rate estimation for spontaneous speech},
journal = {IEEE Transactions on Audio, Speech, and Language Processing},
year = {2007},
volume = {15.8},
pages = {2190-2201}
}

@INPROCEEDINGS{IS14_wce,
title	=	{A speech system for estimating daily word counts},
author	=	{Ziaei, A. and Sangwan, A. and Hansen, J. H. L.},
booktitle = {Proc. INTERSPEECH},
year	=	{2014},
month	=	{September},
address =   {Singapore}
}


@INPROCEEDINGS{icassp13_ovldet,
title	=	{Overlapped-speech detection with applications to driver assessment for in-vehicle active safety systems},
author	=	{Shokouhi, N. and Sathyanarayana, A. and Sadjadi, S. O. and Hansen, J. H. L.},
booktitle =	{IEEE International Conference on Acoustics, Speech and Signal Processing (ICASSP)},
year	=	{2013},
pages	=	{2834-2838},
address =	{Vancouver, Canada}
}



@ARTICLE{formanttracking,
author={Potamianos, A. and Maragos, P.},
journal={The Journal of the Acoustical Society of America}, 
title={Speech formant frequency and bandwidth tracking using multiband energy demodulation},
year={1996},
volume={99.6},
pages={3795-3806}
}

@inproceedings{ziaei2013prof,
  title={Prof-Life-Log: Personal interaction analysis for naturalistic audio streams},
  author={Ziaei, A. and Sangwan, A. and Hansen, J. H. L.},
  booktitle={IEEE International Conference on Acoustics, Speech and Signal Processing (ICASSP)},
  pages={7770--7774},
  year={2013},
  organization={IEEE}
}


@ARTICLE{TEO_speechdecomp,
author = {Maragos, P. and Kaiser J. F. and Quatieri T. F. },
title = {Energy separation in signal modulations with application to speech analysis},
journal = {IEEE Transactions on Signal Processing},
year = {1993},
volume = {41.10},
pages = {3024-3051}
}

@INPROCEEDINGS{is14_gsfm,
title	=	{Co-Channel Speech Detection via Spectral Analysis of Frequency Modulated Sub-Bands},
author	=	{Shokouhi, N. and Sadjadi, S. O. and Hansen, J. H. L.},
booktitle = {Proc. INTERSPEECH},
year	=	{2014},
month	=	{September},
address =   {Singapore}
}

@electronic{SSC_link,
author        = {Cooke, M. and Lee, T.},
title         = {Speech separation challenge},
url           = "http://staffwww.dcs.shef.ac.uk/people/M.Cooke/SpeechSeparationChallenge",
key           = "speech separation challenge data"
}


@article{cooke_JASA_SSCD,
  author = {Cooke, M. and Barker, J. and Cunningham, S. and Shao, X.},
  journal = {The Journal of the Acoustical Society of America},
  month = {November},
  number = 5,
  pages = {2421-2424},
  publisher = {ASA},
  title = {An audio-visual corpus for speech perception and automatic speech recognition},
  volume = 120,
  year = 2006
}

@INPROCEEDINGS{cetin_shriberg_06_icassp, 
author={Cetin, O. and Shriberg, E.E.}, 
booktitle={Proc. IEEE ICASSP-2006: Int. Conf. Acoustics, Speech, and Signal Processing}, 
title={Speaker Overlaps and ASR Errors in Meetings: Effects Before, During, and After the Overlap}, 
year={2006}, 
month={May},
address = {Toulouse, France}, 
pages={357-360}}

@inproceedings{kenny2014jfa,
	title={JFA-based front ends for speaker recognition},
	author={Kenny, Patrick and Stafylakis, Themos and Ouellet, Pierre and Alam, Md Jahangir},
	booktitle={2014 IEEE International Conference on Acoustics, Speech and Signal Processing (ICASSP)},
	pages={1705--1709},
	year={2014},
	organization={IEEE}
}

@ARTICLE{Dehak_ivector,
author={Dehak, N. and Kenny, P. and Dehak, R. and Dumouchel, P. and Ouellet, P.},
journal={Audio, Speech, and Language Processing, IEEE Transactions on},
title={Front-End Factor Analysis for Speaker Verification},
year={2011},
month={May},
volume={19},
number={4},
pages={788-798},
ISSN={1558-7916}}

@INPROCEEDINGS{prince_plda,
author={Prince, S.J.D. and Elder, J.H.},
booktitle={Computer Vision, 2007. ICCV 2007. IEEE 11th International Conference on},
title={Probabilistic Linear Discriminant Analysis for Inferences About Identity},
year={2007},
month={Oct},
pages={1-8},
ISSN={1550-5499}}

@INPROCEEDINGS{kenny_plda2,
author={Matejka, P. and Glembek, O. and Castaldo, F. and Alam, M.J. and Plchot, O. and Kenny, P. and Burget, L. and Černocký, J.},
booktitle={Acoustics, Speech and Signal Processing (ICASSP), 2011 IEEE International Conference on},
title={Full-covariance UBM and heavy-tailed PLDA in i-vector speaker verification},
year={2011},
month={May},
pages={4828-4831},
ISSN={1520-6149},}

@INPROCEEDINGS{kenny_plda,
  title={Bayesian Speaker Verification with Heavy-Tailed Priors},
  author={Kenny, P.},
  booktitle =	{Proc. ISCA Odyssey - The Speaker and Language Recognition Workshop},
  year	=	{2010}}


@INPROCEEDINGS{kurtosis_98,
title   =       {Speech separation by kurtosis maximization},
author  =       {LeBlanc, J. and de Leon, P.},
booktitle =     {Proc. ICASSP},
year    =       {1998},
pages   =       {1029-1032},
address =       {Seatle, Washington}
}

@INPROCEEDINGS{temple_kurtosis,
title   =       {Use of Local Kurtosis Measure for Spotting Usable Speech Segments in Co-Channel Speech},
author  =       {Krishnamachari, K. and Yantorno, R. E. and Lovekin, J. M. and Benincasa, D. S. and Wenndt, S. J.},
booktitle =     {Proc. IEEE ICASSP},
year    =       {2001},
pages   =       {649-652},
address =       {Salt Lake City, Utah}
}

@INPROCEEDINGS{lena_device,
title   =       {Signal processing for young child speech language development},
author  =       {Dongxin, X. and Yapanel, U.H. and Gray, S.S. and Gilkerson, J. and Richards, J.A. and Hansen, J.H.L.},
booktitle =     {Workshop on Child Computer Interaction (WOCCI)},
year    =       {2008},
}


@ARTICLE{smolenski_tut,
author={Smolenski, B.Y. and Ramachandran, R.P.},
journal={Circuits and Systems Magazine, IEEE}, title={Usable Speech Processing: A Filterless Approach in the Presence of Interference},
year={2011},
volume={11},
number={2},
pages={8 -22}
}

@ARTICLE{omid2012sad, 
author={Sadjadi, S. O. and Hansen, J. H. L.}, 
journal={IEEE Signal Process. Lett.}, 
title={Unsupervised Speech Activity Detection Using Voicing Measures and Perceptual Spectral Flux}, 
year={March}, 
volume={20},  
pages={197-200}, 
}

@INPROCEEDINGS{nav_icassp13,
title   =       {Overlapped-speech Detection with Applications to Driver Assessment for In-Vehicle Active Safety Systems},
author  =       {Shokouhi, N. and Sathyanarayana, A. and Sadjadi, S.O. and Hansen, J. H. L.},
booktitle =     {Proc. IEEE ICASSP},
year    =       {2013},
month   =       {May},
address =       {Vancouver, BC}
}

@ARTICLE{omid2012sad_old,
title={Unsupervised {S}peech {A}ctivity {D}etection using {V}oicing {M}easures and {P}erceptual {S}pectral {F}lux},
author={Seyed Omid Sadjadi and John H. L. Hansen},
journal={IEEE Signal Process. Lett. (submitted)},
year={2012},
month={Dec.},
}

@ARTICLE{Quat_Dan_cch_sup,
title	=	{An Approach to Co-Channel Talker Interference Suppression Using a Sinusoidal Model for Speech},
author	=	{Quatieri, T. and Danisewicz, R.},
journal	=	{IEEE Trans. Acoustics Speech and Signal Process.},
year	=	{1990},
month	=	{January},
volume	=	{3X},
number	=	{I},
pages	=	{56-69},
}

@INPROCEEDINGS{ESPA,
title	=	{Leveraging Speech-Active Regions Towards Active Safety in Vehicles},
author	=	{Sathyanarayana, A. and Sadjadi, S. O. and Hansen, J. H. L.},
booktitle = 	{IEEE Intl. Conf. Emerging Signal Processing Applications, ESPA 2012},
year	=	{2012},
month	=	{January},
address = 	{Las Vegas},
pages   =       {48-51}
}

@INPROCEEDINGS{Chazan_93,
title 	=	{Optimal Multipitch Estimation Using The EM Algorithm for Co-channel Speech Separation},
author	=	{Chazan, D and Stettiner, Y. and Malah, D.},
booktitle =	{Proc. IEEE ICASSP},
month	=	{April},
year	=	{1993},
pages 	= 	{728-731},
}

@ARTICLE{Morgan_cch,
author	=	{Morgan, D. P. and George, E. B. and Lee, L. T. and Kay, S. M.},
journal	=	{IEEE Trans. on Speech and Audio Process.},
title	=	{Co-channel speaker separation by harmonic enhancement and suppression},
month 	= 	{September},
volume 	= 	{5},
number	= 	{5},
pages	= 	{407-424},
year	=	{1997},
}

@INPROCEEDINGS{cumani_icassp13,
author={Cumani, S. and Plchot, O. and Laface, P.},
booktitle={Acoustics, Speech and Signal Processing (ICASSP), 2013 IEEE International Conference on},
title={Probabilistic linear discriminant analysis of i-vector posterior distributions},
year={2013},
month={May},
pages={7644-7648},
ISSN={1520-6149}}

@INPROCEEDINGS{burget_icassp11,
author={Burget, L. and Plchot, O. and Cumani, S. and Glembek, O. and Matejka, P. and Brummer, N.},
booktitle={Acoustics, Speech and Signal Processing (ICASSP), 2011 IEEE International Conference on},
title={Discriminatively trained Probabilistic Linear Discriminant Analysis for speaker verification},
year={2011},
month={May},
pages={4832-4835},
ISSN={1520-6149}}

@INPROCEEDINGS{yun_icassp12,
author={Yun Lei and Burget, L. and Ferrer, L. and Graciarena, M. and Scheffer, N.},
booktitle={Acoustics, Speech and Signal Processing (ICASSP), 2012 IEEE International Conference on},
title={Towards noise-robust speaker recognition using probabilistic linear discriminant analysis},
year={2012},
month={March},
pages={4253-4256},
ISSN={1520-6149}}

@INPROCEEDINGS{matejka_icassp11,
author={Matejka, P. and Glembek, O. and Castaldo, F. and Alam, M.J. and Plchot, O. and Kenny, P. and Burget, L. and Černocký, J.},
booktitle={Acoustics, Speech and Signal Processing (ICASSP), 2011 IEEE International Conference on},
title={Full-covariance UBM and heavy-tailed PLDA in i-vector speaker verification},
year={2011},
month={May},
pages={4828-4831},
ISSN={1520-6149}
}

@ARTICLE{Wrigley_05,
author	=	{Wrigley, S. N. and Brown, G. J. and Vincent, W. and Renals, S.},
journal	=	{IEEE Trans. Audio Speech Lang. Process.},
title	=	{Speech and Crosstalk Detection in Multichannel Audio},
month 	= 	{January},
volume 	= 	{13},
number	= 	{1},
pages	= 	{84-91},
year	=	{2005},
}

@phdthesis{boakye_thesis,
title	=	{Audio Segmentation for Meeting Speech Processing},
author	=	{Boakye, K.},
year	=	{Fall 2008},
institution=	{University of California, Berkeley}
}

@techreport{yantorno_report,
title	=	{CoChannel Speech Study},
author	=	{Yantorno, R. E.},
year	=	{September 1999},
institution=	{Electrical and Computer Engineering Department Temple University}
}


@INPROCEEDINGS{yantorno_SID,
AUTHOR	= 	{Yantorno, R. E. and Benincasa, D. S. and Wenndt, S. J.},
TITLE	=	{Effects of co-channel speech on speaker identification},
booktitle = 	{SPIE Intl. Symp. on Tech. for Law Enforcement},
month	=	{November},
year 	= 	{2000},
}

@INBOOK{Schegloff,
author 	= 	{Schegloff, E. A.},
publisher = 	{Plenum},
address	= 	{New York},
title 	= 	{Accounts of Conduct in Interaction: Interruption, Overlap and turn-taking, in J. H. Turner (ed.), Handbook of Sociolinguistics},
pages 	=	{287-321},
year 	=	{2002}
}

@techreport{y,
title	=	{Tri-level study of the causes of traffic accidents},
author	=	{Treat, J. R. and Tumbas, N. S. and McDonald, S. T. and Shinar, D. and Hume and R. D. and Mayer, R. E. and Stanisfer, R. L. and Castellan, N. J.},
booktitle = 	{Report No. DOT-HS-034-3-535-77 (TAC)},
year	=	{1977},
}

@techreport{x,
title	=	{Visual-Manual NHTSA Driver Distraction Guidelines for In-Vehicle Electronic Devices},
author	=	{NHTSA guidelines},
booktitle = 	{Docket No. NHTSA-2010-0053},
year	=	{2012},
month	=	{Febuary}
}

@INPROCEEDINGS{sathyanarayanaSAE2013,
title 	=	{Automatic Driving Maneuver Recognition and Analysis using Cost Effective Portable Devices},
author	=	{Sathyanarayana, A. and Sadjadi, S. O. and Hansen, J. H. L.},
booktitle =	{SAE World Congress abd Exhibition},
address =	{Detroit},
month	=	{April},
year	=	{2013},
}

@INPROCEEDINGS{assmann_99,
title 	=	{Fundamental frequency and the intelligibility of competing voices},
author	=	{Assmann, P. F.},
booktitle =	{Proc. of the Intl. Congress of Phonetic Sciences},
address =	{San Francisco},
month	=	{August},
year	=	{1999},
pages 	= 	{179-182},
}

@INPROCEEDINGS{Dwang_03,
title 	=	{Co-channel speaker identification using usable speech extraction based on multi-pitch tracking},
author	=	{Shao, Y. and Wang, D. L.},
booktitle =	{Proc. ICASSP},
address =	{Hong Kong},
year	=	{2003},
pages 	= 	{205-208},
}

@INPROCEEDINGS{sapvr_2000,
title 	=	{Spectral Autocorrelation Ratio as a usability measure of speech segments under co-channel conditions},
author	=	{Krishnamachari, K. and Yantorno, R. E. and Benincasa, D. S. and Wenndt, S. J.},
booktitle =	{IEEE Intl. Symp. on Intelligent Signal Processing and Communication Systems, ISPACS},
month	=	{November},
year	=	{2000},
pages 	= 	{710-713},
}

@INPROCEEDINGS{kawahara,
title 	=	{Aperiodicity extraction and control using mixed mode excitation and group delay manipulation for a high quality speech analysis, modiﬁcation and synthesis system STRAIGHT},
author	=	{Kawahara, H. and Estill, J. and Fujimura, O.},
booktitle =	{Proc. 2nd MAVEBA},
year	=	{2001},
address	= 	{Firenze, Italy},
}

@INPROCEEDINGS{kurtosis_98,
title	=	{Speech separation by kurtosis maximization},
author	=	{LeBlanc, J. and de Leon, P.},
booktitle =	{Proc. ICASSP},
year	=	{1998},
pages	=	{1029-1032},
address =	{Seatle, Washington}
}

@INPROCEEDINGS{temple_kurtosis,
title	=	{Use of Local Kurtosis Measure for Spotting Usable Speech Segments in Co-Channel Speech},
author	=	{Krishnamachari, K. and Yantorno, R. E. and Lovekin, J. M. and Benincasa, D. S. and Wenndt, S. J.},
booktitle =	{Proc. ICASSP},
year	=	{2001},
pages	=	{649-652},
address =	{Salt Lake City, Utah}
}

@INPROCEEDINGS{sathyanarayanaITSC2012,
title	=	{Levaraging Sensor Information from Portable Devices towards Automatic Driving Maneuver Recognition},
author	=	{Sathyanarayana, A. and Sadjadi, S. O. and Hansen, J. H. L.},
booktitle =	{IEEE 15th Intl. Conference on Intelligent Transportation Systems},
year	=	{2012},
month	=	{September},
address =	{Anchorage, AK}
}


@ARTICLE{reynolds_map,
author	=	{Reynolds, D. and Quatieri, T. and Dunn, R.},
journal	=	{Digital Signal Processing 10},
title	=	{Speaker verification using adapted Gaussian mixture models},
month 	= 	{September},
pages	= 	{19-41},
year	=	{2000},
}


@INCOLLECTION{patterson1992complex,
author	= 	{Roy D. Patterson and K. Robinson and J. Holdsworth and D. McKeown and C. Zhang and M. Allerhand},
editor	=    	{Y. Cazals and L. Demany and K. Horner},
title	= 	{Complex sounds and auditory images},
booktitle = 	{Auditory Physiology and Perception},
publisher = 	{Pergamon Press},
address	= 	{Oxford},
pages	= 	{429-446},
year	=    	{1992},
}

@INBOOK{fukunaga,
author 	= 	{Fukunaga, Keinosuke},
edition = 	{2},
publisher = 	{Academic Press},
address	= 	{New York},
title 	= 	{{Introduction to Statistical Pattern Recognition}},
chapter =	{10},
year 	=	{1990}
}

@ARTICLE{tipping1999mixtures,
title	=	{Mixtures of probabilistic principal component analyzers},
author	=	{Tipping, M.E. and Bishop, C.M.},
journal	=	{Neural computation},
volume	=	{11},
number	=	{2},
pages	=	{443--482},
year	=	{1999},
publisher=	{MIT Press}
}


@ARTICLE{Kinnunen2012, 
author	=	{Hanilci, C. and Kinnunen, T. and Ertas, F. and Saeidi, R. and Pohjalainen, J. and Alku, P.}, 
journal	=	{IEEE Signal Process. Lett.}, 
title	=	{Regularized All-Pole Models for Speaker Verification Under Noisy Environments}, 
year	=	{2012}, 
month	=	{Mar.}, 
volume	=	{19}, 
pages	=	{163-166}, 
}

@INPROCEEDINGS{Kinnunen2011asru,
title 	=	{Multi-Taper {MFCC} Features for Speaker Verification Using I-Vectors},
author	=	{Alam, J. and Kinnunen, T. and Kenny, P. and Ouellet, P. and O Shaughnessy, D.},
booktitle =	{Proc. IEEE ASRU},
address =	{Hawaii, HI},
month	=	{Dec.},
year	=	{2011},
pages 	= 	{547-552},
}

@INPROCEEDINGS{Daniel2011asru,
title 	=	{Linear versus Mel Frequency Cepstral Coefficients for Speaker Recognition},
author	=	{Xinhui Zhou and Daniel Garcia-Romero and Ramani Duraiswami and Carol Espy-Wilson and Shihab Shamma},
booktitle =	{Proc. IEEE ASRU},
address =	{Hawaii, HI},
month	=	{Dec.},
year	=	{2011},
pages 	= 	{559-564},
}

@INPROCEEDINGS{Daniel2011is,
title 	=	{Analysis of I-vector Length Normalization in Speaker Recognition Systems},
author	=	{D. Garcia-Romero and C. Espy-Wilson},
booktitle =	{Proc. INTERSPEECH},
address =	{Florence, Italy},
month	=	{Sept.},
year	=	{2011},
pages 	= 	{249-252},
}

@techreport{cieri2004mixer,
title	=	{The mixer corpus of multilingual, multichannel speaker recognition data},
author	=	{C. Cieri},
year	=	{2004},
institution=	{DTIC Document}
}

@INPROCEEDINGS{NIST04,
author =  {{NIST}},
TITLE 	= 	{The {NIST} year 2004 speaker recognition evaluation plan},
YEAR 	= 	{2004},
URL 	= 	"http://www.nist.gov"
}

@INPROCEEDINGS{NIST05,
author =  {{NIST}},
TITLE 	= 	{The {NIST} year 2005 speaker recognition evaluation plan},
YEAR 	= 	{2005},
URL 	= 	"http://www.nist.gov"
}
@INPROCEEDINGS{NIST06,
author =  {{NIST}},
TITLE 	= 	{The {NIST} year 2006 speaker recognition evaluation plan},
YEAR 	= 	{2006},
URL 	= 	"http://www.nist.gov"
}

@INPROCEEDINGS{NIST08,
	author =  {{NIST}},
	title 	= 	{The {NIST} year 2008 speaker recognition evaluation plan},
	year 	= 	{2008}, 
	url 	= 	"http://www.nist.gov"
}

@INPROCEEDINGS{NIST10,
author =  {{NIST}},
TITLE 	= 	{The {NIST} year 2010 speaker recognition evaluation plan},
YEAR 	= 	{2010},
URL 	= 	"http://www.nist.gov"
}

@Article{G729B,
  author =       "A.  Benyassine and E. Shlomot and  H.-Y. Su and D. Massaloux and C. Lamblin and J.-P. Petit",
  title =        "{ITU-T} recommendation {G}.729 annex {B}: {A} silence compression scheme for use with {G}.729 optimized for {V}.70 digital simultaneous voice and data applications",
  journal = 	 "IEEE Commun. Mag.",
  year = 	 "1997",
  volume = 	 "35",
  pages = 	 "64-73",
  month = 	 "Sept."
}

@INPROCEEDINGS{ruhi1998,
title	=	{Robust detection of speech activity in the presence of noise},
author	=	{Sarikaya, R. and Hansen, J. H. L.},
booktitle = 	{Proc. ICSLP},
year	=	{1998},
month	=	{Dec.},
address = 	{Sydney, Australia},
pages	=	{1455-1458}
}

@ARTICLE{mccowan2011,
author	=	{Iain McCowan and David Dean and Mitchell McLaren and Robert Vogt and Sridha Sridharan},
journal	=	{IEEE Trans. Audio Speech Lang. Process.},
title	=	{The Delta-Phase Spectrum With Application to Voice Activity Detection and Speaker Recognition},
month 	= 	{Sept.},
volume 	= 	{19},
number	= 	{7},
pages	= 	{2026-2038},
year	=	{2011},
}

@ARTICLE{atal1976,
author	=	{Atal, B. S. and Rabiner, L. R.},
journal	=	{IEEE Trans. Audio Speech Lang. Process.},
title	=	{A pattern recognition approach to voiced-unvoiced-silence classification with applications to speech recognition},
month 	= 	{Jun.},
volume 	= 	{24},
number	= 	{3},
pages	= 	{201-2012},
year	=	{1976},
}

@INPROCEEDINGS{ramirez2006,
title	=	{Noise robust model-based Voice Activity Detection},
author	=	{Angel de la Torre and Javier Ramirez and Carmen Benitez and Jose C. Segura and Luz Garcia Antonio J. Rubio},
booktitle = 	{Proc. INTERSPEECH},
year	=	{2006},
month	=	{Sept.},
address = 	{Pittsburgh, PA},
pages	= 	{1954-1957},
}

@INPROCEEDINGS{davis2006,
title	=	{A MULTI-DECISION SUB-BAND VOICE ACTIVITY DETECTOR},
author	=	{Alan Davis and Sven Nordholm and Siow Yong Low and Roberto Togneri},
booktitle = 	{Proc. EUSIPCO},
year	=	{2006},
month	=	{Sept.},
address = 	{Florence, Italy},
}

@ARTICLE{sohn1999,
author	=	{J. Sohn and N. S. Kim and W. Sung},
journal	=	{IEEE Signal Process. Lett.},
title	=	{A statistical model-based voice activity detection},
month 	= 	{Jan.},
volume 	= 	{6},
number	= 	{1},
pages	= 	{1-3},
year	=	{1999},
}

@ARTICLE{ramirez2005,
author	=	{J. Ramirez and J.C. Segura and C. Benitez and L. Garcia and A. Rubio},
journal	=	{IEEE Signal Process. Lett.},
title	=	{Statistical voice activity detection using a multiple observation likelihood ratio test},
month 	= 	{Oct.},
volume 	= 	{12},
number	= 	{10},
pages	= 	{689-692},
year	=	{2005},
}

@INPROCEEDINGS{lee2010,
AUTHOR	= 	{L. N. Tan and B. J. Borgstrom and A. Alwan},
TITLE	=	{Voice activity detection using harmonic frequency components in likelihood ratio test},
booktitle = 	{Proc. IEEE ICASSP},
pages 	= 	{4466-4469},
month	=	{Mar.},
year 	= 	{2010},
address =	{Dallas, TX}
}

@INPROCEEDINGS{boersma1993,
title 	=	{Accurate short-term analysis of the fundamental frequency and the harmonics-to-noise ratio of the sampled sound},
author	=	{P. Boersma},
booktitle =	{Proc. Institute of Phonetic Sciences},
volume  =	{17},
year	=	{1993},
pages 	= 	{97-110},
}

@INBOOK{rabiner2010,
author 	= 	{Lawrence R. Rabiner and Ronald W. Schafer},
edition = 	{1},
publisher = 	{Prentice Hall Press},
address	= 	{Upper Saddle River, NJ},
title 	= 	{{Theory and Applications of Digital Speech Processing}},
year 	=	{2010}
}

@INPROCEEDINGS{scheirer1997,
title 	=	{Construction and evaluation of a robust multifeature speech/music discriminator},
author	=	{E. Scheirer and M. Slaney},
booktitle =	{Proc. IEEE ICASSP},
address =	{Munich, Germany},
month	=	{Apr.},
year	=	{1997},
pages 	= 	{1331-1334},
}

@electronic{spine2,
title         = "Linguistic {D}ata {C}onsortium ({LDC}) catalog number: {LDC}2001{S}08",
url           = "http://www.ldc.upenn.edu/Catalog/",
year          = "",
key           = "LDC"
}



@electronic{rats,
title         = "{DARPA} {R}obust {A}utomatic {T}ranscription of {S}peech ({RATS})",
url           = "http://projects.ldc.upenn.edu/RATS/",
year          = "",
key           = "RATS"
}

@INPROCEEDINGS{ng2012,
title 	=	{Developing a Speech Activity Detection System for the {DARPA RATS} Program},
author	=	{Tim Ng and Bing Zhang and Long Nguyen and Spyros Matsoukas and Xinhui Zhou and Nima Mesgarani and Karel Vesely and Pavel Matejka},
booktitle =	{Proc. INTERSPEECH},
address =	{Portland, OR},
month	=	{Sept.},
year	=	{2012},
}

@INPROCEEDINGS{omar2012,
title 	=	{Speech Activity Detection for Noisy Data Using Adaptation Techniques},
author	=	{Mohamed Kamal Omar},
booktitle =	{Proc. INTERSPEECH},
address =	{Portland, OR},
month	=	{Sept.},
year	=	{2012},
}

@INPROCEEDINGS{walker2012,
title 	=	{The {RATS} Radio Traffic Collection System},
author	=	{Kevin Walker and Stefanie Strassel},
booktitle =	{Proc. ISCA Odyssey},
address =	{Singapore, Singapore},
month	=	{Jun.},
year	=	{2012},
}

@INPROCEEDINGS{ivector_challenge,
title 	=	{The NIST 2014 Speaker Recognition i-Vector Machine Learning},
author	=	{Greenberg, C. S. and Bansé, D. and Doddington, G. R. and Garcia-Romero, D. and Godfrey, J. J. and Kinnunen,  T. and Martin, A. F. and McCree, A. and Przybocki, M.  and Reynolds, D. A.},
booktitle =	{Proc. ISCA Odyssey},
address =	{Singapore, Singapore},
month	=	{Jun.},
year	=	{2012},
}
@ARTICLE{davis2006b,
author  =	{Davis, A. and Nordholm, S. and Togneri, R.},
journal =	{IEEE Trans. Audio Speech Lang. Process.}, 
title   = 	{Statistical voice activity detection using low-variance spectrum estimation and an adaptive threshold},
year    =	{2006},
month   =	{Mar.},
volume  = 	{14},
pages   =       {412-424},
}

@article{ramirez2004,
title 	= 	"Efficient voice activity detection algorithms using long-term speech information",
journal = 	"Speech Commun.",
volume 	= 	"42",
pages 	= 	"271-287",
year 	= 	"2004",
author 	= 	"Javier Ramirez and Jose C Segura and Carmen Benitez and Angel de la Torre and Antonio Rubio",
month   =	{Apr.},
}

@INPROCEEDINGS{kingsbury2002,
title 	=	{Robust speech recognition in noisy environments: The 2001 {IBM SPINE} evaluation system},
author	=	{B. Kingsbury and G. Saon and L. Mangu and M. Padmanabhan and R. Sarikaya},
booktitle =	{Proc. IEEE ICASSP},
address =	{Orlando, FL},
month	=	{May},
year	=	{2002},
pages 	= 	{53-56},
}

@INPROCEEDINGS{schwarz2006,
author 	={Schwarz, P. and Matejka, P. and Cernocky, J.},
booktitle ={Proc. IEEE ICASSP}, 
title 	={Hierarchical Structures of Neural Networks for Phoneme Recognition},
year 	={2006},
month 	={May},
pages 	={I},
}

@INPROCEEDINGS{huggins2010,
title 	=	{Adaptive high accuracy approaches to speech activity detection in noisy and hostile audio environments},
author	=	{Mark C. Huggins and Brett Y. Smolenski and Aaron D. Lawson},
booktitle =	{Proc. INTERSPEECH},
address =	{Makuhari, Japan},
month	=	{Sept.},
year	=	{2010},
pages 	= 	{3094-3097},
}

@INPROCEEDINGS{omid_is2012,
title 	=	{Mean {H}ilbert Envelope Coefficients ({MHEC}) for Robust Speaker Recognition},
author	=	{Sadjadi, S. O. and Hasan, T. and Hansen, J. H. L.},
booktitle =	{Proc. INTERSPEECH},
address =	{Portland, OR},
month	=	{Sept.},
year	=	{2012},
pages 	= 	{},
}

@INPROCEEDINGS{matejka2012,
title 	=	{Patrol Team Language Identiﬁcation System for {DARPA RATS P1} Evaluation},
author	=	{Mat\v{e}jka, P. and Plchot, O. and Soufifar, M. and Glembek, O. and D'Haro, L.F. and Vesel{\'y}, K. and Gr{\'e}zl, F. and Ma, J. and Matsoukas, S. and Dehak, N.},
booktitle =	{Proc. INTERSPEECH},
address =	{Portland, OR},
month	=	{Sept.},
year	=	{2012},
}

@electronic{htk,
title         = "{HTK} - {H}idden {M}arkov {M}odel {T}oolkit v3.4.1",
url           = "http://htk.eng.cam.ac.uk/",
year          = "",
key           = "HTK"
}
