@INPROCEEDINGS{glembek2014wccLDA, 
	author={O. Glembek and J. Ma and P. Matějka and B. Zhang and O. Plchot and L. Bürget and S. Matsoukas}, 
	booktitle={2014 IEEE International Conference on Acoustics, Speech and Signal Processing (ICASSP)}, 
	title={Domain adaptation via within-class covariance correction in I-vector based speaker recognition systems}, 
	year={2014}, 
	pages={4032-4036}, 
	ISSN={1520-6149}, 
	month={May}
}

@inproceedings{shokouhi2015probabilistic,
	title={Probabilistic Linear Discriminant Analysis for Robust Speaker Identification in Co-Channel Speech},
	author={Shokouhi, Navid and Hansen, John HL},
	booktitle={Sixteenth Annual Conference of the International Speech Communication Association, INTERSPEECH},
	address={Dresden, Germany},
	year={2015}
}

@inproceedings{ioffePLDA2006,
	title={Probabilistic linear discriminant analysis},
	author={Ioffe, Sergey},
	booktitle={European Conference on Computer Vision},
	pages={531--542},
	year={2006},
	organization={Springer}
}

@inproceedings{sizov2014unifying,
	title={Unifying probabilistic linear discriminant analysis variants in biometric authentication},
	author={Sizov, Aleksandr and Lee, Kong Aik and Kinnunen, Tomi},
	booktitle={Joint IAPR International Workshops on Statistical Techniques in Pattern Recognition (SPR) and Structural and Syntactic Pattern Recognition (SSPR)},
	pages={464--475},
	year={2014},
	organization={Springer}
}

@inproceedings{hasan2013crss,
	title={CRSS systems for 2012 NIST speaker recognition evaluation},
	author={Hasan, Taufiq and Sadjadi, Seyed Omid and Liu, Gang and Shokouhi, Navid and Bo{\v{r}}il, Hynek and Hansen, John HL},
	booktitle={2013 IEEE International Conference on Acoustics, Speech and Signal Processing},
	pages={6783--6787},
	year={2013},
	organization={IEEE}
}

@article{sadjadi2013unsupervised,
	title={Unsupervised speech activity detection using voicing measures and perceptual spectral flux},
	author={Sadjadi, Seyed Omid and Hansen, John HL},
	journal={IEEE Signal Processing Letters},
	volume={20},
	number={3},
	pages={197--200},
	year={2013},
	publisher={IEEE}
}

@inproceedings{misra2014languagemismatch,
	title={Spoken language mismatch in speaker verification: An investigation with NIST-SRE and CRSS Bi-Ling corpora},
	author={Misra, Abhinav and Hansen, John HL},
	booktitle={Spoken Language Technology Workshop (SLT), 2014 IEEE},
	pages={372--377},
	year={2014},
	organization={IEEE}
}

@INBOOK{Hart,
author 	= 	{Hart, B. and Risley, T. R.},
publisher = 	{Brookes Publishing},
title 	= 	{Meaningful differences in the everyday experience of young American children},
year 	=	{1995}
}

@INPROCEEDINGS{Xu,
title	=	{Child vocalization composition as discriminant information for automatic autism detection},
author	=	{Xu, D. and Gilkerson, J. and Richards, J. and Yapanel, U. and Gray, S.},
booktitle = {Engineering in Medicine and Biology Society, EMBC},
year	=	{2009},
month	=	{September},
pages   =   {2518-2522}
}

@ARTICLE{Wang_slbl,
author = {Wang, D. and Narayanan, S.},
title = {Robust speech rate estimation for spontaneous speech},
journal = {IEEE Transactions on Audio, Speech, and Language Processing},
year = {2007},
volume = {15.8},
pages = {2190-2201}
}

@INPROCEEDINGS{IS14_wce,
title	=	{A speech system for estimating daily word counts},
author	=	{Ziaei, A. and Sangwan, A. and Hansen, J. H. L.},
booktitle = {Proc. INTERSPEECH},
year	=	{2014},
month	=	{September},
address =   {Singapore}
}


@INPROCEEDINGS{icassp13_ovldet,
title	=	{Overlapped-speech detection with applications to driver assessment for in-vehicle active safety systems},
author	=	{Shokouhi, N. and Sathyanarayana, A. and Sadjadi, S. O. and Hansen, J. H. L.},
booktitle =	{IEEE International Conference on Acoustics, Speech and Signal Processing (ICASSP)},
year	=	{2013},
pages	=	{2834-2838},
address =	{Vancouver, Canada}
}



@ARTICLE{formanttracking,
author={Potamianos, A. and Maragos, P.},
journal={The Journal of the Acoustical Society of America}, 
title={Speech formant frequency and bandwidth tracking using multiband energy demodulation},
year={1996},
volume={99.6},
pages={3795-3806}
}

@inproceedings{ziaei2013prof,
  title={Prof-Life-Log: Personal interaction analysis for naturalistic audio streams},
  author={Ziaei, A. and Sangwan, A. and Hansen, J. H. L.},
  booktitle={IEEE International Conference on Acoustics, Speech and Signal Processing (ICASSP)},
  pages={7770--7774},
  year={2013},
  organization={IEEE}
}


@ARTICLE{TEO_speechdecomp,
author = {Maragos, P. and Kaiser J. F. and Quatieri T. F. },
title = {Energy separation in signal modulations with application to speech analysis},
journal = {IEEE Transactions on Signal Processing},
year = {1993},
volume = {41.10},
pages = {3024-3051}
}

@INPROCEEDINGS{is14_gsfm,
title	=	{Co-Channel Speech Detection via Spectral Analysis of Frequency Modulated Sub-Bands},
author	=	{Shokouhi, N. and Sadjadi, S. O. and Hansen, J. H. L.},
booktitle = {Proc. INTERSPEECH},
year	=	{2014},
month	=	{September},
address =   {Singapore}
}

@electronic{SSC_link,
author        = {Cooke, M. and Lee, T.},
title         = {Speech separation challenge},
url           = "http://staffwww.dcs.shef.ac.uk/people/M.Cooke/SpeechSeparationChallenge",
key           = "speech separation challenge data"
}


@article{cooke_JASA_SSCD,
  author = {Cooke, M. and Barker, J. and Cunningham, S. and Shao, X.},
  journal = {The Journal of the Acoustical Society of America},
  month = {November},
  number = 5,
  pages = {2421-2424},
  publisher = {ASA},
  title = {An audio-visual corpus for speech perception and automatic speech recognition},
  volume = 120,
  year = 2006
}

@INPROCEEDINGS{cetin_shriberg_06_icassp, 
author={Cetin, O. and Shriberg, E.E.}, 
booktitle={Proc. IEEE ICASSP-2006: Int. Conf. Acoustics, Speech, and Signal Processing}, 
title={Speaker Overlaps and ASR Errors in Meetings: Effects Before, During, and After the Overlap}, 
year={2006}, 
month={May},
address = {Toulouse, France}, 
pages={357-360}}



@ARTICLE{Dehak_ivector,
author={Dehak, N. and Kenny, P. and Dehak, R. and Dumouchel, P. and Ouellet, P.},
journal={Audio, Speech, and Language Processing, IEEE Transactions on},
title={Front-End Factor Analysis for Speaker Verification},
year={2011},
month={May},
volume={19},
number={4},
pages={788-798},
ISSN={1558-7916}}

@INPROCEEDINGS{prince_plda,
author={Prince, S.J.D. and Elder, J.H.},
booktitle={Computer Vision, 2007. ICCV 2007. IEEE 11th International Conference on},
title={Probabilistic Linear Discriminant Analysis for Inferences About Identity},
year={2007},
month={Oct},
pages={1-8},
ISSN={1550-5499}}

@INPROCEEDINGS{kenny_plda2,
author={Matejka, P. and Glembek, O. and Castaldo, F. and Alam, M.J. and Plchot, O. and Kenny, P. and Burget, L. and Černocký, J.},
booktitle={Acoustics, Speech and Signal Processing (ICASSP), 2011 IEEE International Conference on},
title={Full-covariance UBM and heavy-tailed PLDA in i-vector speaker verification},
year={2011},
month={May},
pages={4828-4831},
ISSN={1520-6149},}

@INPROCEEDINGS{kenny_plda,
  title={Bayesian Speaker Verification with Heavy-Tailed Priors},
  author={Kenny, P.},
  booktitle =	{Proc. ISCA Odyssey - The Speaker and Language Recognition Workshop},
  year	=	{2010}}


@INPROCEEDINGS{sapvr_2000,
title   =       {Spectral Autocorrelation Ratio as a usability measure of speech segments under co-channel conditions},
author  =       {Krishnamachari, K. and Yantorno, R. E. and Benincasa, D. S. and Wenndt, S. J.},
booktitle =     {IEEE Intl. Symp. on Intelligent Signal Processing and Communication Systems, ISPACS},
month   =       {November},
year    =       {2000},
pages   =       {710-713}
}

@INPROCEEDINGS{kurtosis_98,
title   =       {Speech separation by kurtosis maximization},
author  =       {LeBlanc, J. and de Leon, P.},
booktitle =     {Proc. ICASSP},
year    =       {1998},
pages   =       {1029-1032},
address =       {Seatle, Washington}
}

@INPROCEEDINGS{temple_kurtosis,
title   =       {Use of Local Kurtosis Measure for Spotting Usable Speech Segments in Co-Channel Speech},
author  =       {Krishnamachari, K. and Yantorno, R. E. and Lovekin, J. M. and Benincasa, D. S. and Wenndt, S. J.},
booktitle =     {Proc. IEEE ICASSP},
year    =       {2001},
pages   =       {649-652},
address =       {Salt Lake City, Utah}
}

@INPROCEEDINGS{lena_device,
title   =       {Signal processing for young child speech language development},
author  =       {Dongxin, X. and Yapanel, U.H. and Gray, S.S. and Gilkerson, J. and Richards, J.A. and Hansen, J.H.L.},
booktitle =     {Workshop on Child Computer Interaction (WOCCI)},
year    =       {2008},
}


@ARTICLE{smolenski_tut,
author={Smolenski, B.Y. and Ramachandran, R.P.},
journal={Circuits and Systems Magazine, IEEE}, title={Usable Speech Processing: A Filterless Approach in the Presence of Interference},
year={2011},
volume={11},
number={2},
pages={8 -22}
}

@ARTICLE{omid2012sad, 
author={Sadjadi, S. O. and Hansen, J. H. L.}, 
journal={IEEE Signal Process. Lett.}, 
title={Unsupervised Speech Activity Detection Using Voicing Measures and Perceptual Spectral Flux}, 
year={March}, 
volume={20},  
pages={197-200}, 
}

@INPROCEEDINGS{nav_icassp13,
title   =       {Overlapped-speech Detection with Applications to Driver Assessment for In-Vehicle Active Safety Systems},
author  =       {Shokouhi, N. and Sathyanarayana, A. and Sadjadi, S.O. and Hansen, J. H. L.},
booktitle =     {Proc. IEEE ICASSP},
year    =       {2013},
month   =       {May},
address =       {Vancouver, BC}
}

@ARTICLE{omid2012sad_old,
title={Unsupervised {S}peech {A}ctivity {D}etection using {V}oicing {M}easures and {P}erceptual {S}pectral {F}lux},
author={Seyed Omid Sadjadi and John H. L. Hansen},
journal={IEEE Signal Process. Lett. (submitted)},
year={2012},
month={Dec.},
}

@ARTICLE{Quat_Dan_cch_sup,
title	=	{An Approach to Co-Channel Talker Interference Suppression Using a Sinusoidal Model for Speech},
author	=	{Quatieri, T. and Danisewicz, R.},
journal	=	{IEEE Trans. Acoustics Speech and Signal Process.},
year	=	{1990},
month	=	{January},
volume	=	{3X},
number	=	{I},
pages	=	{56-69},
}

@INPROCEEDINGS{z,
title	=	{Leveraging Speech-Active Regions Towards Active Safety in Vehicles},
author	=	{Sathyanarayana, A. and Sadjadi, S. O. and Hansen, J. H. L.},
booktitle = 	{IEEE Intl. Conf. Emerging Signal Processing Applications, ESPA 2012},
year	=	{2012},
month	=	{January},
address = 	{Las Vegas},
pages   =       {48-51}
}

@INPROCEEDINGS{Chazan_93,
title 	=	{Optimal Multipitch Estimation Using The EM Algorithm for Co-channel Speech Separation},
author	=	{Chazan, D and Stettiner, Y. and Malah, D.},
booktitle =	{Proc. IEEE ICASSP},
month	=	{April},
year	=	{1993},
pages 	= 	{728-731},
}

@ARTICLE{Morgan_cch,
author	=	{Morgan, D. P. and George, E. B. and Lee, L. T. and Kay, S. M.},
journal	=	{IEEE Trans. on Speech and Audio Process.},
title	=	{Co-channel speaker separation by harmonic enhancement and suppression},
month 	= 	{September},
volume 	= 	{5},
number	= 	{5},
pages	= 	{407-424},
year	=	{1997},
}

@INPROCEEDINGS{cumani_icassp13,
author={Cumani, S. and Plchot, O. and Laface, P.},
booktitle={Acoustics, Speech and Signal Processing (ICASSP), 2013 IEEE International Conference on},
title={Probabilistic linear discriminant analysis of i-vector posterior distributions},
year={2013},
month={May},
pages={7644-7648},
ISSN={1520-6149}}

@INPROCEEDINGS{burget_icassp11,
author={Burget, L. and Plchot, O. and Cumani, S. and Glembek, O. and Matejka, P. and Brummer, N.},
booktitle={Acoustics, Speech and Signal Processing (ICASSP), 2011 IEEE International Conference on},
title={Discriminatively trained Probabilistic Linear Discriminant Analysis for speaker verification},
year={2011},
month={May},
pages={4832-4835},
ISSN={1520-6149}}

@INPROCEEDINGS{yun_icassp12,
author={Yun Lei and Burget, L. and Ferrer, L. and Graciarena, M. and Scheffer, N.},
booktitle={Acoustics, Speech and Signal Processing (ICASSP), 2012 IEEE International Conference on},
title={Towards noise-robust speaker recognition using probabilistic linear discriminant analysis},
year={2012},
month={March},
pages={4253-4256},
ISSN={1520-6149}}

@INPROCEEDINGS{matejka_icassp11,
author={Matejka, P. and Glembek, O. and Castaldo, F. and Alam, M.J. and Plchot, O. and Kenny, P. and Burget, L. and Černocký, J.},
booktitle={Acoustics, Speech and Signal Processing (ICASSP), 2011 IEEE International Conference on},
title={Full-covariance UBM and heavy-tailed PLDA in i-vector speaker verification},
year={2011},
month={May},
pages={4828-4831},
ISSN={1520-6149}}

@inproceedings{sizov_plda,
  author = {Sizov, A and Lee, K.A. and Kinnunen, T.},
  title = {Unifying Probabilistic Linear Discriminant Analysis Variants in Biometric Authentication},
  booktitle = {Proc. S+SSPR},
  year = {2014}
}


@ARTICLE{Wrigley_05,
author	=	{Wrigley, S. N. and Brown, G. J. and Vincent, W. and Renals, S.},
journal	=	{IEEE Trans. Audio Speech Lang. Process.},
title	=	{Speech and Crosstalk Detection in Multichannel Audio},
month 	= 	{January},
volume 	= 	{13},
number	= 	{1},
pages	= 	{84-91},
year	=	{2005},
}

@INPROCEEDINGS{Boakye_icassp_08,
title	=	{Overlapped speech detection for improved diarization in multiparty meetings},
author	=	{Boakye, K. and Trueba-Hornero, B. and Vinyals, O. and Friedland, G.},
booktitle =	{Proc. ICASSP},
year	=	{2008},
pages	=	{4353-4356},
address =	{Las Vegas, Nevada}
}

@phdthesis{boakye_thesis,
title	=	{Audio Segmentation for Meeting Speech Processing},
author	=	{Boakye, K.},
year	=	{Fall 2008},
institution=	{University of California, Berkeley}
}

@techreport{yantorno_report,
title	=	{CoChannel Speech Study},
author	=	{Yantorno, R. E.},
year	=	{September 1999},
institution=	{Electrical and Computer Engineering Department Temple University}
}


@INPROCEEDINGS{yantorno_SID,
AUTHOR	= 	{Yantorno, R. E. and Benincasa, D. S. and Wenndt, S. J.},
TITLE	=	{Effects of co-channel speech on speaker identification},
booktitle = 	{SPIE Intl. Symp. on Tech. for Law Enforcement},
month	=	{November},
year 	= 	{2000},
}

@INBOOK{Schegloff,
author 	= 	{Schegloff, E. A.},
publisher = 	{Plenum},
address	= 	{New York},
title 	= 	{Accounts of Conduct in Interaction: Interruption, Overlap and turn-taking, in J. H. Turner (ed.), Handbook of Sociolinguistics},
pages 	=	{287-321},
year 	=	{2002}
}

@techreport{y,
title	=	{Tri-level study of the causes of traffic accidents},
author	=	{Treat, J. R. and Tumbas, N. S. and McDonald, S. T. and Shinar, D. and Hume and R. D. and Mayer, R. E. and Stanisfer, R. L. and Castellan, N. J.},
booktitle = 	{Report No. DOT-HS-034-3-535-77 (TAC)},
year	=	{1977},
}

@techreport{x,
title	=	{Visual-Manual NHTSA Driver Distraction Guidelines for In-Vehicle Electronic Devices},
author	=	{NHTSA guidelines},
booktitle = 	{Docket No. NHTSA-2010-0053},
year	=	{2012},
month	=	{Febuary}
}

@INPROCEEDINGS{a,
title 	=	{Automatic Driving Maneuver Recognition and Analysis using Cost Effective Portable Devices},
author	=	{Sathyanarayana, A. and Sadjadi, S. O. and Hansen, J. H. L.},
booktitle =	{SAE World Congress abd Exhibition},
address =	{Detroit},
month	=	{April},
year	=	{2013},
}

@INPROCEEDINGS{assmann_99,
title 	=	{Fundamental frequency and the intelligibility of competing voices},
author	=	{Assmann, P. F.},
booktitle =	{Proc. of the Intl. Congress of Phonetic Sciences},
address =	{San Francisco},
month	=	{August},
year	=	{1999},
pages 	= 	{179-182},
}

@INPROCEEDINGS{Dwang_03,
title 	=	{Co-channel speaker identification using usable speech extraction based on multi-pitch tracking},
author	=	{Shao, Y. and Wang, D. L.},
booktitle =	{Proc. ICASSP},
address =	{Hong Kong},
year	=	{2003},
pages 	= 	{205-208},
}

@INPROCEEDINGS{sapvr_2000,
title 	=	{Spectral Autocorrelation Ratio as a usability measure of speech segments under co-channel conditions},
author	=	{Krishnamachari, K. and Yantorno, R. E. and Benincasa, D. S. and Wenndt, S. J.},
booktitle =	{IEEE Intl. Symp. on Intelligent Signal Processing and Communication Systems, ISPACS},
month	=	{November},
year	=	{2000},
pages 	= 	{710-713},
}

@INPROCEEDINGS{kawahara,
title 	=	{Aperiodicity extraction and control using mixed mode excitation and group delay manipulation for a high quality speech analysis, modiﬁcation and synthesis system STRAIGHT},
author	=	{Kawahara, H. and Estill, J. and Fujimura, O.},
booktitle =	{Proc. 2nd MAVEBA},
year	=	{2001},
address	= 	{Firenze, Italy},
}

@INPROCEEDINGS{kurtosis_98,
title	=	{Speech separation by kurtosis maximization},
author	=	{LeBlanc, J. and de Leon, P.},
booktitle =	{Proc. ICASSP},
year	=	{1998},
pages	=	{1029-1032},
address =	{Seatle, Washington}
}

@INPROCEEDINGS{temple_kurtosis,
title	=	{Use of Local Kurtosis Measure for Spotting Usable Speech Segments in Co-Channel Speech},
author	=	{Krishnamachari, K. and Yantorno, R. E. and Lovekin, J. M. and Benincasa, D. S. and Wenndt, S. J.},
booktitle =	{Proc. ICASSP},
year	=	{2001},
pages	=	{649-652},
address =	{Salt Lake City, Utah}
}

@INPROCEEDINGS{b,
title	=	{Levaraging Sensor Information from Portable Devices towards Automatic Driving Maneuver Recognition},
author	=	{Sathyanarayana, A. and Sadjadi, S. O. and Hansen, J. H. L.},
booktitle =	{IEEE 15th Intl. Conference on Intelligent Transportation Systems},
year	=	{2012},
month	=	{September},
address =	{Anchorage, AK}
}


@ARTICLE{reynolds_map,
author	=	{Reynolds, D. and Quatieri, T. and Dunn, R.},
journal	=	{Digital Signal Processing 10},
title	=	{Speaker verification using adapted Gaussian mixture models},
month 	= 	{September},
pages	= 	{19-41},
year	=	{2000},
}


@INCOLLECTION{patterson1992complex,
author	= 	{Roy D. Patterson and K. Robinson and J. Holdsworth and D. McKeown and C. Zhang and M. Allerhand},
editor	=    	{Y. Cazals and L. Demany and K. Horner},
title	= 	{Complex sounds and auditory images},
booktitle = 	{Auditory Physiology and Perception},
publisher = 	{Pergamon Press},
address	= 	{Oxford},
pages	= 	{429-446},
year	=    	{1992},
}

@INBOOK{fukunaga,
author 	= 	{Fukunaga, Keinosuke},
edition = 	{2},
publisher = 	{Academic Press},
address	= 	{New York},
title 	= 	{{Introduction to Statistical Pattern Recognition}},
chapter =	{10},
year 	=	{1990}
}

@ARTICLE{tipping1999mixtures,
title	=	{Mixtures of probabilistic principal component analyzers},
author	=	{Tipping, M.E. and Bishop, C.M.},
journal	=	{Neural computation},
volume	=	{11},
number	=	{2},
pages	=	{443--482},
year	=	{1999},
publisher=	{MIT Press}
}


@ARTICLE{Kinnunen2012, 
author	=	{Hanilci, C. and Kinnunen, T. and Ertas, F. and Saeidi, R. and Pohjalainen, J. and Alku, P.}, 
journal	=	{IEEE Signal Process. Lett.}, 
title	=	{Regularized All-Pole Models for Speaker Verification Under Noisy Environments}, 
year	=	{2012}, 
month	=	{Mar.}, 
volume	=	{19}, 
pages	=	{163-166}, 
}

@INPROCEEDINGS{Kinnunen2011asru,
title 	=	{Multi-Taper {MFCC} Features for Speaker Verification Using I-Vectors},
author	=	{Alam, J. and Kinnunen, T. and Kenny, P. and Ouellet, P. and O Shaughnessy, D.},
booktitle =	{Proc. IEEE ASRU},
address =	{Hawaii, HI},
month	=	{Dec.},
year	=	{2011},
pages 	= 	{547-552},
}

@INPROCEEDINGS{Daniel2011asru,
title 	=	{Linear versus Mel Frequency Cepstral Coefficients for Speaker Recognition},
author	=	{Xinhui Zhou and Daniel Garcia-Romero and Ramani Duraiswami and Carol Espy-Wilson and Shihab Shamma},
booktitle =	{Proc. IEEE ASRU},
address =	{Hawaii, HI},
month	=	{Dec.},
year	=	{2011},
pages 	= 	{559-564},
}

@INPROCEEDINGS{Daniel2011is,
title 	=	{Analysis of I-vector Length Normalization in Speaker Recognition Systems},
author	=	{D. Garcia-Romero and C. Espy-Wilson},
booktitle =	{Proc. INTERSPEECH},
address =	{Florence, Italy},
month	=	{Sept.},
year	=	{2011},
pages 	= 	{249-252},
}

@techreport{cieri2004mixer,
title	=	{The mixer corpus of multilingual, multichannel speaker recognition data},
author	=	{C. Cieri},
year	=	{2004},
institution=	{DTIC Document}
}

@INPROCEEDINGS{NIST08,
author =  {{NIST}},
TITLE 	= 	{The {NIST} year 2008 speaker recognition evaluation plan},
YEAR 	= 	{2008},
URL 	= 	"http://www.nist.gov"
}

@INPROCEEDINGS{NIST04,
author =  {{NIST}},
TITLE 	= 	{The {NIST} year 2004 speaker recognition evaluation plan},
YEAR 	= 	{2008},
URL 	= 	"http://www.nist.gov"
}

@INPROCEEDINGS{NIST05,
author =  {{NIST}},
TITLE 	= 	{The {NIST} year 2005 speaker recognition evaluation plan},
YEAR 	= 	{2008},
URL 	= 	"http://www.nist.gov"
}
@INPROCEEDINGS{NIST06,
author =  {{NIST}},
TITLE 	= 	{The {NIST} year 2006 speaker recognition evaluation plan},
YEAR 	= 	{2008},
URL 	= 	"http://www.nist.gov"
}

@INPROCEEDINGS{NIST10,
author =  {{NIST}},
TITLE 	= 	{The {NIST} year 2010 speaker recognition evaluation plan},
YEAR 	= 	{2010},
URL 	= 	"http://www.nist.gov"
}

@Article{G729B,
  author =       "A.  Benyassine and E. Shlomot and  H.-Y. Su and D. Massaloux and C. Lamblin and J.-P. Petit",
  title =        "{ITU-T} recommendation {G}.729 annex {B}: {A} silence compression scheme for use with {G}.729 optimized for {V}.70 digital simultaneous voice and data applications",
  journal = 	 "IEEE Commun. Mag.",
  year = 	 "1997",
  volume = 	 "35",
  pages = 	 "64-73",
  month = 	 "Sept."
}

@INPROCEEDINGS{ruhi1998,
title	=	{Robust detection of speech activity in the presence of noise},
author	=	{Sarikaya, R. and Hansen, J. H. L.},
booktitle = 	{Proc. ICSLP},
year	=	{1998},
month	=	{Dec.},
address = 	{Sydney, Australia},
pages	=	{1455-1458}
}

@ARTICLE{mccowan2011,
author	=	{Iain McCowan and David Dean and Mitchell McLaren and Robert Vogt and Sridha Sridharan},
journal	=	{IEEE Trans. Audio Speech Lang. Process.},
title	=	{The Delta-Phase Spectrum With Application to Voice Activity Detection and Speaker Recognition},
month 	= 	{Sept.},
volume 	= 	{19},
number	= 	{7},
pages	= 	{2026-2038},
year	=	{2011},
}

@ARTICLE{atal1976,
author	=	{Atal, B. S. and Rabiner, L. R.},
journal	=	{IEEE Trans. Audio Speech Lang. Process.},
title	=	{A pattern recognition approach to voiced-unvoiced-silence classification with applications to speech recognition},
month 	= 	{Jun.},
volume 	= 	{24},
number	= 	{3},
pages	= 	{201-2012},
year	=	{1976},
}

@INPROCEEDINGS{ramirez2006,
title	=	{Noise robust model-based Voice Activity Detection},
author	=	{Angel de la Torre and Javier Ramirez and Carmen Benitez and Jose C. Segura and Luz Garcia Antonio J. Rubio},
booktitle = 	{Proc. INTERSPEECH},
year	=	{2006},
month	=	{Sept.},
address = 	{Pittsburgh, PA},
pages	= 	{1954-1957},
}

@INPROCEEDINGS{davis2006,
title	=	{A MULTI-DECISION SUB-BAND VOICE ACTIVITY DETECTOR},
author	=	{Alan Davis and Sven Nordholm and Siow Yong Low and Roberto Togneri},
booktitle = 	{Proc. EUSIPCO},
year	=	{2006},
month	=	{Sept.},
address = 	{Florence, Italy},
}

@ARTICLE{sohn1999,
author	=	{J. Sohn and N. S. Kim and W. Sung},
journal	=	{IEEE Signal Process. Lett.},
title	=	{A statistical model-based voice activity detection},
month 	= 	{Jan.},
volume 	= 	{6},
number	= 	{1},
pages	= 	{1-3},
year	=	{1999},
}

@ARTICLE{ramirez2005,
author	=	{J. Ramirez and J.C. Segura and C. Benitez and L. Garcia and A. Rubio},
journal	=	{IEEE Signal Process. Lett.},
title	=	{Statistical voice activity detection using a multiple observation likelihood ratio test},
month 	= 	{Oct.},
volume 	= 	{12},
number	= 	{10},
pages	= 	{689-692},
year	=	{2005},
}

@INPROCEEDINGS{lee2010,
AUTHOR	= 	{L. N. Tan and B. J. Borgstrom and A. Alwan},
TITLE	=	{Voice activity detection using harmonic frequency components in likelihood ratio test},
booktitle = 	{Proc. IEEE ICASSP},
pages 	= 	{4466-4469},
month	=	{Mar.},
year 	= 	{2010},
address =	{Dallas, TX}
}

@INPROCEEDINGS{boersma1993,
title 	=	{Accurate short-term analysis of the fundamental frequency and the harmonics-to-noise ratio of the sampled sound},
author	=	{P. Boersma},
booktitle =	{Proc. Institute of Phonetic Sciences},
volume  =	{17},
year	=	{1993},
pages 	= 	{97-110},
}

@INBOOK{rabiner2010,
author 	= 	{Lawrence R. Rabiner and Ronald W. Schafer},
edition = 	{1},
publisher = 	{Prentice Hall Press},
address	= 	{Upper Saddle River, NJ},
title 	= 	{{Theory and Applications of Digital Speech Processing}},
year 	=	{2010}
}

@INPROCEEDINGS{scheirer1997,
title 	=	{Construction and evaluation of a robust multifeature speech/music discriminator},
author	=	{E. Scheirer and M. Slaney},
booktitle =	{Proc. IEEE ICASSP},
address =	{Munich, Germany},
month	=	{Apr.},
year	=	{1997},
pages 	= 	{1331-1334},
}

@electronic{spine2,
title         = "Linguistic {D}ata {C}onsortium ({LDC}) catalog number: {LDC}2001{S}08",
url           = "http://www.ldc.upenn.edu/Catalog/",
year          = "",
key           = "LDC"
}



@electronic{rats,
title         = "{DARPA} {R}obust {A}utomatic {T}ranscription of {S}peech ({RATS})",
url           = "http://projects.ldc.upenn.edu/RATS/",
year          = "",
key           = "RATS"
}

@INPROCEEDINGS{ng2012,
title 	=	{Developing a Speech Activity Detection System for the {DARPA RATS} Program},
author	=	{Tim Ng and Bing Zhang and Long Nguyen and Spyros Matsoukas and Xinhui Zhou and Nima Mesgarani and Karel Vesely and Pavel Matejka},
booktitle =	{Proc. INTERSPEECH},
address =	{Portland, OR},
month	=	{Sept.},
year	=	{2012},
}

@INPROCEEDINGS{omar2012,
title 	=	{Speech Activity Detection for Noisy Data Using Adaptation Techniques},
author	=	{Mohamed Kamal Omar},
booktitle =	{Proc. INTERSPEECH},
address =	{Portland, OR},
month	=	{Sept.},
year	=	{2012},
}

@INPROCEEDINGS{walker2012,
title 	=	{The {RATS} Radio Traffic Collection System},
author	=	{Kevin Walker and Stefanie Strassel},
booktitle =	{Proc. ISCA Odyssey},
address =	{Singapore, Singapore},
month	=	{Jun.},
year	=	{2012},
}

@INPROCEEDINGS{ivector_challenge,
title 	=	{The NIST 2014 Speaker Recognition i-Vector Machine Learning},
author	=	{Greenberg, C. S. and Bansé, D. and Doddington, G. R. and Garcia-Romero, D. and Godfrey, J. J. and Kinnunen,  T. and Martin, A. F. and McCree, A. and Przybocki, M.  and Reynolds, D. A.},
booktitle =	{Proc. ISCA Odyssey},
address =	{Singapore, Singapore},
month	=	{Jun.},
year	=	{2012},
}
@ARTICLE{davis2006b,
author  =	{Davis, A. and Nordholm, S. and Togneri, R.},
journal =	{IEEE Trans. Audio Speech Lang. Process.}, 
title   = 	{Statistical voice activity detection using low-variance spectrum estimation and an adaptive threshold},
year    =	{2006},
month   =	{Mar.},
volume  = 	{14},
pages   =       {412-424},
}

@article{ramirez2004,
title 	= 	"Efficient voice activity detection algorithms using long-term speech information",
journal = 	"Speech Commun.",
volume 	= 	"42",
pages 	= 	"271-287",
year 	= 	"2004",
author 	= 	"Javier Ramirez and Jose C Segura and Carmen Benitez and Angel de la Torre and Antonio Rubio",
month   =	{Apr.},
}

@INPROCEEDINGS{kingsbury2002,
title 	=	{Robust speech recognition in noisy environments: The 2001 {IBM SPINE} evaluation system},
author	=	{B. Kingsbury and G. Saon and L. Mangu and M. Padmanabhan and R. Sarikaya},
booktitle =	{Proc. IEEE ICASSP},
address =	{Orlando, FL},
month	=	{May},
year	=	{2002},
pages 	= 	{53-56},
}

@INPROCEEDINGS{schwarz2006,
author 	={Schwarz, P. and Matejka, P. and Cernocky, J.},
booktitle ={Proc. IEEE ICASSP}, 
title 	={Hierarchical Structures of Neural Networks for Phoneme Recognition},
year 	={2006},
month 	={May},
pages 	={I},
}

@INPROCEEDINGS{huggins2010,
title 	=	{Adaptive high accuracy approaches to speech activity detection in noisy and hostile audio environments},
author	=	{Mark C. Huggins and Brett Y. Smolenski and Aaron D. Lawson},
booktitle =	{Proc. INTERSPEECH},
address =	{Makuhari, Japan},
month	=	{Sept.},
year	=	{2010},
pages 	= 	{3094-3097},
}

@INPROCEEDINGS{omid_is2012,
title 	=	{Mean {H}ilbert Envelope Coefficients ({MHEC}) for Robust Speaker Recognition},
author	=	{Sadjadi, S. O. and Hasan, T. and Hansen, J. H. L.},
booktitle =	{Proc. INTERSPEECH},
address =	{Portland, OR},
month	=	{Sept.},
year	=	{2012},
pages 	= 	{},
}

@INPROCEEDINGS{matejka2012,
title 	=	{Patrol Team Language Identiﬁcation System for {DARPA RATS P1} Evaluation},
author	=	{Mat\v{e}jka, P. and Plchot, O. and Soufifar, M. and Glembek, O. and D'Haro, L.F. and Vesel{\'y}, K. and Gr{\'e}zl, F. and Ma, J. and Matsoukas, S. and Dehak, N.},
booktitle =	{Proc. INTERSPEECH},
address =	{Portland, OR},
month	=	{Sept.},
year	=	{2012},
}

@electronic{htk,
title         = "{HTK} - {H}idden {M}arkov {M}odel {T}oolkit v3.4.1",
url           = "http://htk.eng.cam.ac.uk/",
year          = "",
key           = "HTK"
}
